2642 4725
411 397 514 472 u.
587 395 1037 469 TULLu
1101 377 1819 466 GIG'ERONI&
1950 393 2079 492 ιε,

137 586 484 660 fensionis
539 582 766 674 capita
819 577 1469 670 complectebantur.
1559 579 1803 650 Cicero
1842 581 2027 654 enim
2044 629 2071 670 ,

135 715 227 764 nt
277 711 518 788 notum
553 705 658 758 est
677 735 700 770 ,
747 689 1080 757 orationes
1109 709 1260 754 suas
1299 711 1443 756 non
1472 685 1559 754 de
1592 689 1853 780 scripto
1884 711 2065 780 pro-

137 800 487 868 nunciare
519 795 814 880 solebat,
849 791 972 862 sed
1001 793 1425 862 Graecorum
1446 793 1869 882 potissimum
1889 796 2068 864 Ora-

141 921 378 978 tor-um
437 899 1002 975 consuetudinem
1060 913 1331 968 secutus
1392 914 1494 964 est
1514 945 1539 983 ,
1610 902 1731 993 qni
1784 899 2091 991 quidem,

137 1015 522 1106 praecipua
578 1010 800 1100 capita
853 1014 918 1080 ἐν
977 1010 1194 1088 τύποις
1209 1057 1232 1086 ,
1309 1005 1413 1072 uti
1472 1002 1577 1072 illi
1628 1001 2008 1094 loquuntur
2032 1047 2057 1092 ,

138 1117 256 1184 vel
289 1123 356 1190 ἐν
387 1120 794 1202 ὑπομνήμασι
834 1129 1070 1184 notare
1088 1157 1120 1200 ,
1160 1130 1306 1182 tum
1340 1124 1411 1178 et
1438 1109 1818 1178 orationum
1846 1110 2061 1179 Exor-

139 1211 272 1291 dia
318 1224 586 1316 seriptis
641 1223 1040 1310 consignare
1093 1218 1408 1291 solebant
1428 1261 1452 1299 ,
1520 1215 1857 1307 reliquam
1903 1241 2063 1289 vero

135 1334 522 1434 orationem
599 1353 684 1398 ex
763 1344 1067 1418 tempore
1137 1318 1704 1420 pronuntiabant.
1826 1325 2009 1392 Hinc
2036 1373 2063 1411 ,
2199 1409 2209 1417 ¹

141 1435 349 1528 quod
409 1460 546 1504 non
607 1456 768 1504 raro
823 1431 1114 1514 accidit,
1175 1427 1233 1494 si
1291 1447 1464 1516 quae
1524 1427 1863 1497 orationes
1889 1479 1911 1515 ,
1970 1433 2061 1498 ad

139 1565 320 1631 quas
387 1537 735 1610 habendas
818 1554 1113 1606 oratores
1189 1533 1561 1627 praecipua
1627 1535 1771 1620 jam
1833 1535 2057 1624 capita

135 1663 578 1732 notaverant,
622 1646 764 1713 sive
807 1661 1099 1736 propter
1139 1636 1564 1731 reipublicae
1603 1653 1865 1704 motum
1912 1631 2056 1706 sive

131 1769 429 1844 propter
469 1753 738 1820 comitia
759 1797 783 1834 ,
825 1750 902 1814 in
943 1747 1211 1836 longius
1252 1765 1518 1836 tempus
1561 1741 2006 1811 differrentur
2020 1789 2049 1832 9

127 1860 242 1930 vel
275 1859 482 1956 plane
521 1880 665 1927 non
708 1849 1161 1938 haberentur,
1206 1838 1333 1920 hae
1378 1843 1785 1919 dicebantur
1833 1853 1897 1922 ἓν
1935 1854 2047 1924 τύ-

129 1997 271 2048 ποις
307 1967 412 2037 vel
455 1971 524 2038 ἐν
559 1961 960 2052 §reperiam-t
1000 1961 1499 2048 καταλελεῖφθαι
1518 2005 1542 2042 ,
1590 1954 2041 2047 quemadmo-

135 2074 304 2142 dum
351 2072 560 2143 docte
622 2066 949 2164 explicuit
1006 2064 1339 2156 Taylorus
1388 2060 1477 2130 ad
1516 2060 2041 2130 Demosthenem

14 2241 17 2250 ,
129 2180 205 2244 in
250 2178 610 2272 Apparatu
650 2174 875 2244 Reisk.
925 2174 1079 2244 Vol.
1105 2175 1163 2241 1.
1205 2197 1278 2264 p.
1308 2173 1430 2241 551
1490 2185 1561 2236 et
1598 2171 1752 2240 561.
1796 2169 2039 2233 citatus
2138 2157 2173 2186 '⁴
2238 2167 2243 2174 '

131 2285 216 2348 ab
241 2325 248 2332 -
273 2273 675 2351 Heinriehio
713 2283 763 2356 l.
811 2281 860 2350 l.
923 2306 994 2377 p.
1027 2281 1126 2351 14.
1230 2279 1316 2344 In
1360 2267 1757 2360 hujusmodi
1813 2285 2040 2336 autem

127 2381 682 2477 Commentariis,
731 2390 936 2461 facile
959 2440 980 2474 ,
1034 2404 1116 2455 ut
1167 2384 1454 2476 opinor,
1499 2375 1827 2445 fatebitur
1870 2372 2035 2441 Ma·-

129 2500 276 2584 jus,
337 2498 663 2567 orationes
699 2500 878 2590 ipsas
921 2518 1061 2561 non
1105 2490 1310 2559 fuisse
1359 2486 1722 2583 illustratas
1744 2530 1767 2569 ,
1804 2504 2039 2575 quan-

14 2642 16 2645 >
127 2600 502 2695 doquidem
558 2604 684 2673 hae
749 2594 1059 2676 nondum
1102 2600 1395 2689 scriptae
1416 2641 1439 2680 ,
1502 2588 1759 2659 nedum
1812 2586 2035 2655 editae

123 2725 362 2777 &Stent-

206 2816 302 2885 Et
349 2816 517 2887 tales
557 2816 772 2887 libros
813 2806 1185 2907 significari
1227 2812 1313 2879 ab
1359 2792 1694 2887 Asconio,
1739 2804 2029 2893 quisque
2086 2868 2089 2879 ,
2196 2790 2203 2804 ’

13 2942 16 3013 ζ
129 2918 249 2986 sibi
285 2922 475 2989 facile
507 2924 908 3013 persuaderi
941 2923 1239 3015 patietur
1258 2966 1282 2999 ,
1319 2912 1440 3004 qui
1481 2908 1765 2978 Asconii
1799 2898 2028 2975 locum

13 3028 17 3119 ξ
132 3024 326 3113 paulo
371 3028 764 3115 diligentius
807 3027 1061 3097 intueri
1101 3022 1290 3093 velit.
1370 3018 1791 3086 Memoratur
1840 3012 2027 3083 enim

14 3126 16 3155 '
129 3128 196 3195 in
235 3132 370 3198 isto
414 3134 698 3200 Asconii
755 3132 1026 3211 scholio,
1059 3128 1146 3198 ad
1194 3130 1389 3195 Orat.
1430 3124 1507 3189 in
1563 3140 1715 3209 toga
1769 3116 2020 3187 eandi-

131 3231 208 3300 da
268 3261 340 3331 p.
393 3240 534 3309 145.
619 3235 1036 3305 Fenestellae
1095 3233 1330 3325 opinio
1352 3278 1375 3315 ,
1420 3232 1542 3323 qui
1596 3220 2019 3295 existimabat

127 3336 476 3413 Catilinam
516 3372 558 3412 a
599 3346 702 3412 Μ.
741 3343 1078 3419 Cicerone
1118 3338 1475 3409 defensum
1514 3334 1717 3403 fuisse
1738 3378 1760 3414 ,
1806 3346 2021 3417 quum

125 3446 224 3517 hic
275 3454 634 3544 Torquato
687 3466 758 3518 et
807 3450 1004 3517 Cotta
1069 3448 1255 3513 Coss.
1297 3467 1382 3511 ex
1426 3438 1665 3509 Africa
1710 3450 2019 3501 reversus

127 3580 159 3617 a
194 3557 270 3624 P.
311 3558 561 3627 Clodio
604 3555 1033 3625 adolescente
1077 3546 1615 3643 repetundarum
1668 3551 2018 3605 aecusatus

128 3679 316 3727 esset:
384 3660 572 3753 quod
630 3660 994 3731 addubitat
1039 3652 1376 3724 Asconius
1402 3698 1424 3735 ,
1471 3642 1881 3734 argumentis
1930 3664 2017 3709 ex

124 3762 232 3831 hae
283 3763 440 3857 ipsa
495 3784 734 3837 contra
801 3764 1178 3837 Antonium
1232 3774 1303 3826 et
1369 3752 1729 3822 Catilinam
1782 3748 2015 3815 habita

125 3872 405 3941 oratione
447 3868 714 3958 ductim
773 3890 1114 3963 postremo
1149 3868 1320 3933 haec
1352 3861 1589 3932 addita
1674 3904 1723 3943 ,‚
1768 3854 2011 3923 Prae-

1102 3972 1164 4040 A
1193 3996 1233 4038 a
1273 3972 1315 4039 5
1856 3976 2010 4029 ter-
