2642 4725
353 385 464 454 An
510 377 1000 464 cremonen
1039 310 1146 452 lin
1189 383 1517 458 INVENT.
1566 389 1809 458 Ram.
1912 447 1923 456 .
1958 389 2123 463 22⁹.

167 567 290 660 'Est
341 572 522 636 enim
557 572 867 660 sapientia
888 622 906 651 ,
954 573 1202 660 integra
1263 575 1555 664 cognitio
1596 585 1707 642 aut
1748 575 2049 640 rationis
2072 615 2093 648 ,

169 697 364 762 quae
407 675 688 764 pertinet
725 679 811 744 ad
856 679 1320 766 speculativam
1360 689 1424 746 et
1462 681 1789 770 logicamz
1835 687 1949 744 aut
1995 671 2107 764 os-

159 781 380 870 ficii,
427 781 620 870 quod
662 785 860 855 etiam
907 785 996 851 ad
1033 783 1335 850 Ethioam
1374 784 1675 873 pertinet.

256 889 758 957 Redis-simum
805 899 1022 956 autem
1059 889 1146 958 ad
1187 890 1505 958 rationem
1548 893 1854 968 refertur:
1900 883 2110 954 Itone-³

175 1005 366 1064 stum
417 1016 574 1064 vero
639 997 728 1062 ad
782 997 1101 1074 officium,
1147 997 1335 1084 quod
1395 1007 1489 1064 est
1550 1019 1875 1086 congruus
1917 1005 2105 1061 actus
2244 1017 2251 1030 ·

174 1102 694 1192 uniuscujusque
733 1121 1056 1187 personae
1095 1101 1455 1168 seeundum
1496 1124 1746 1181 morem
1786 1101 2061 1190 patriae.

261 1207 698 1276 Exercitatio
741 1228 894 1274 vero
908 1207 916 1214 ’
931 1205 1212 1275 dicendi
1247 1207 1545 1275 definitio
1586 1219 1682 1276 est
1722 1209 1941 1276 studio
1962 1208 2098 1274 elo-

173 1315 505 1400 quentiae.
943 1373 952 1380 .

263 1415 418 1506 QQna
447 1439 609 1483 vero
654 1423 760 1485 ita
801 1439 954 1484 sese
995 1427 1226 1484 armat
1269 1417 1666 1508 eloquentia
1708 1415 2101 1486 cet.'1'er·

177 1523 342 1588 tiam
377 1524 890 1630 propositionem
923 1523 1022 1588 his
1057 1523 1264 1590 verbis
1305 1527 1543 1592 Tullius
1578 1525 1860 1592 ostendit
1900 1532 1967 1588 et
2004 1527 2101 1586 est

175 1649 388 1696 sennis
429 1611 776 1696 verborum
818 1629 996 1694 talis.
1052 1627 1198 1717 Qui.
1221 1655 1383 1697 vero
1425 1637 1527 1698 ita
1572 1656 1647 1700 se
1688 1640 1916 1696 armat
1954 1625 2099 1694 elo-

175 1738 464 1822 quentia
527 1736 576 1798 i.
619 1755 682 1802 e.
747 1736 860 1820 qui
919 1735 1008 1800 ita
1059 1737 1373 1822 sapientia
1420 1739 1711 1805 defendit
1772 1759 1838 1802 se
1864 1731 2099 1822 quasi

174 1841 565 1944 quibusdam
607 1839 800 1906 armis
840 1863 957 1930 per
997 1843 1437 1949 eloquentiam
1479 1855 1551 1909 ut
1590 1866 1726 1910 non
1755 1845 2127 1930 oppugnans

173 1967 246 2013 re
277 1949 603 2035 patriam,
645 1947 756 2012 sed
785 1969 906 2034 pro
945 1969 1021 2013 ea
1055 1970 1347 2036 pugnare
1374 1951 1575 2038 possit
1617 1951 1661 2016 i
1689 1971 1750 2017 e.
1799 1969 1915 2035 per
1948 1945 2092 2012 elo·

176 2056 547 2140 quentiam,
589 2053 949 2140 sapientiae
981 2053 1330 2140 junctam,
1399 2055 1745 2123 defendere
1799 2050 2085 2140 patriam

176 2168 360 2246 aptus
395 2159 506 2236 sit,
553 2157 718 2240 Qui,
757 2160 1066 2246 inquam,
1114 2170 1208 2250 est
1257 2163 1403 2228 talis
1429 2209 1447 2239 ,
1492 2163 1549 2228 is
1589 2159 1845 2228 videtur
1884 2155 2085 2223 utilis

173 2269 322 2330 suis
355 2265 738 2329 rationibus
757 2265 804 2330 i.
823 2285 884 2330 e.
908 2264 1100 2330 rebus
1137 2265 1264 2330 suis
1303 2266 1634 2354 gerendis,
1682 2273 1747 2328 et
1781 2259 2087 2348 publicis

181 2370 564 2435 rationibus
631 2374 924 2448 amicus,
989 2370 1060 2435 in
1117 2368 1354 2437 ordine
1402 2370 1863 2491 gerendorum,
1910 2386 2087 2454 quae

182 2474 270 2540 ad
313 2496 518 2563 remp.
559 2474 908 2563 pertinent,
955 2474 1292 2567 benignus.
1381 2476 1590 2545 Ratio
1632 2476 1804 2543 enim
1843 2471 1912 2540 in
1952 2471 2085 2538 hoc

165 2582 362 2659 Joco,
411 2580 577 2672 ordo
613 2564 1083 2669 gerendorum,
1123 2580 1383 2647 dieitur.
1451 2582 1627 2673 Bene
1662 2592 1880 2651 autem
1916 2578 2083 2648 dicit

173 2686 252 2753 de
298 2688 424 2754 isto
468 2689 650 2775 quod
695 2688 750 2753 is
801 2695 868 2752 et
923 2684 1198 2793 patriae
1229 2688 1404 2753 utilis
1464 2690 1591 2767 sit,
1654 2694 1885 2755 contra
1940 2684 2073 2751 hoc

169 2795 342 2881 quod
379 2794 469 2862 de
506 2788 620 2861 illo
643 2794 894 2861 dixerat
915 2840 949 2883 ,ο
983 2794 1099 2881 qui
1144 2794 1349 2861 solam
1388 2795 1832 2883 eloquentiam
1858 2801 2069 2873 tenet,
2098 2798 2105 2805 '

169 2900 340 2985 quod
381 2900 506 2967 sibi
543 2902 792 2968 inutilis
827 2903 907 2965 sit
949 2907 1013 2966 et
1053 2900 1302 2989 patriae
1342 2903 1763 2989 perniciosus·
1870 2902 1877 2911 ’

244 3005 300 3097 ς.
341 3006 414 3073 2.
499 3008 606 3071 Ae
650 3009 723 3071 si
756 3004 1067 3072 volumus
1113 3004 1327 3093 hujus
1383 3009 1494 3075 rei
1542 3030 1724 3096 quae
1781 3012 2077 3073 vocatur

170 3108 548 3199 eloquentia
592 3121 720 3179 cet.
804 3110 1280 3199 Propositiones
1341 3116 1631 3202 superius
1682 3113 1926 3201 positas
1976 3110 2063 3175 ab

167 3214 281 3283 hoc
321 3219 478 3285 loco
519 3216 802 3307 probare
837 3216 1103 3305 incipit,
1145 3218 1374 3287 ordine
1406 3240 1750 3296 converso,
1794 3238 1931 3304 quo
1950 3234 2063 3280 eas

165 3324 438 3408 asperius
497 3334 824 3411 posuerat.
907 3322 1072 3389 Nam
1117 3334 1509 3410 postremam
1551 3324 2061 3413 propositionem

162 3426 356 3511 primo
395 3429 678 3515 proban
720 3430 960 3496 deinde
1025 3430 1349 3497 mediante
1404 3433 1637 3497 ultimo
1713 3431 1866 3495 loco
1924 3426 2063 3513 pri-

161 3554 340 3602 mama
431 3536 732 3624 Inprimis
768 3538 965 3626 igitur
1003 3536 1444 3623 eloquentiam
1474 3535 1825 3625 sapientiae
1858 3534 2058 3621 junc-

159 3648 282 3705 tam
321 3642 600 3709 multum
639 3641 944 3730 prodesse
981 3640 1260 3707 ostendit
1301 3640 1565 3707 dieense
1612 3640 1701 3706 Sa·
1744 3638 2077 3705 volumem

159 3748 584 3813 considerare
621 3750 1041 3835 principium
1083 3732 1513 3833 eloquentiae
1550 3748 1596 3814 i.
1642 3768 1701 3814 e.
1744 3748 2059 3833 eloquen-

20 3936 22 3939 ‚
157 3849 264 3916 tiae
343 3852 832 3923 inchoationem
871 3903 889 3933 ,
960 3856 1372 3945 reperiemus
1434 3854 1596 3920 illud
1660 3854 2050 3943 principium

1890 3980 2053 4049 cau-3
