2642 4725
419 493 426 505 .
511 443 613 532 78
715 490 722 496 .
788 439 992 511 cAP.
1038 431 1158 512 vl.
1251 437 1371 510 [τε
1432 431 1758 532 Anno.
1820 439 2252 511 mmmm.

527 627 1033 710 Terentianio,
1079 625 1623 707 Grammaticus
1658 625 2245 696 Antiocheam-'⁹
2300 625 2469 692 An-

529 749 596 801 te
639 733 1026 801 Fabricium
1045 781 1065 816 ,
1131 733 1381 801 horum
1426 737 1704 802 nomina
1732 784 1753 819 ,
1798 733 1928 803 alio
1970 737 2136 803 licet
2174 732 2429 802 ordine
2452 783 2473 818 ,

523 843 665 928 jam
717 837 1095 926 eollegerat
1161 837 1729 929 Lindenbrogiu's'
1788 843 1863 908 in
1942 843 2309 912 observat.
2376 838 2471 907 ad

527 949 780 1016 Donati
829 949 1212 1019 Commeat.
1259 969 1427 1038 quas
1480 951 1779 1038 subjecit
1818 949 2134 1016 Terentii
2174 949 2475 1017 editioni

523 1081 584 1123 a.
633 1059 821 1126 1623.
879 1081 953 1144 p·
1001 1058 1154 1126 631.
1243 1055 1425 1122 Cave
1484 1081 1693 1142 vero,
1740 1054 2028 1140 credas,
2072 1057 2475 1124 Fabricium

530 1161 928 1254 deperditos
989 1163 1160 1232 istos*
1219 1160 1657 1274 interpretes
1690 1164 2075 1232 nominasse
2137 1161 2226 1229 ad
2270 1179 2471 1230 aeta-

528 1287 704 1352 tem,
753 1293 890 1360 qua
933 1265 1180 1354 singuli
1229 1249 1590 1337 vixeruntz
1637 1273 1881 1352 imum,
1931 1267 2311 1335 nominavit
2360 1267 2471 1333 is·-

529 1391 632 1440 tos
685 1372 773 1439 ad
827 1372 1137 1452 literam,
1205 1397 1343 1464 qua
1388 1378 1723 1472 cujusque
1776 1399 2029 1443 nomen
2090 1372 2303 1442 scribi
2348 1375 2475 1440 in-

531 1479 731 1568 cipit.
821 1479 912 1544 Et
955 1477 1060 1546 est
1100 1498 1379 1571 quoque
1422 1479 1610 1569 quod
1658 1505 2011 1565 moneam,
2060 1479 2151 1548 de
2192 1481 2277 1545 iis
2314 1499 2475 1546 om-

527 1583 776 1665 nibus,
827 1585 945 1664 qui
985 1586 1346 1674 perierunt
1376 1637 1397 1663 ,
1444 1595 1591 1656 non
1638 1589 1735 1656 ita
1776 1613 1924 1657 rem
1975 1612 2117 1656 esse
2172 1583 2473 1682 expedi-

529 1707 669 1754 tam
694 1737 715 1772 ,
761 1707 839 1755 ut
885 1691 1069 1780 ipsos
1119 1715 1198 1758 re
1243 1717 1404 1760 vera
1444 1695 1852 1764 Terentium
1891 1693 2257 1762 illustrasse
2278 1741 2301 1775 ,
2348 1689 2475 1758 ‹li-

529 1812 706 1862 serte
777 1798 1237 1888 pronuntiare
1293 1797 1523 1866 liceat·
1610 1801 1714 1868 De
1752 1803 2022 1868 Donato
2072 1796 2360 1891 quidem
2406 1814 2479 1863 et

529 1903 931 1999 Eugraphio
973 1928 1080 1972 res
1133 1921 1318 1972 certa
1359 1921 1515 1988 est·
1566 1901 1657 1972 de
1704 1903 1993 2002 reliquis
2013 1954 2034 1990 ,
2088 1905 2211 1998 qui
2250 1904 2481 1994 perie-

529 2026 736 2096 runt,
799 2029 902 2080 est
953 2017 1226 2076 tautum‘
1270 2009 1609 2104 suspicio.
1640 2037 1850 2103 ·quae
1902 2009 2011 2080 vel
2060 2005 2276 2078 levior
2320 2023 2475 2128 est?

527 2111 641 2186 vel
681 2113 1150 2208 probabilior,
1191 2139 1324 2206 pro
1366 2118 1634 2185 ratione
1675 2119 2261 2192 testimoniorum,
2320 2111 2481 2204 qui-

521 2223 655 2289 bus
705 2221 828 2289 illa
873 2223 1162 2317 probari
1217 2211 1453 2290 debet.
1541 2225 1641 2290 De
1690 2221 1973 2309 singulis
2032 2216 2480 2313 peculiariter

525 2334 992 2417 exponemus3
1044 2348 1125 2396 eo
1179 2328 1423 2397 ordin‘e
1474 2343 1778 2412 servato,
1834 2345 1914 2395 ut
1966 2329 2267 2421 p’rimum
2306 2325 2359 2392 ii
2393 2325 2473 2393 in

531 2456 812 2498 censum
848 2432 1161 2520 veniant,
1207 2435 1296 2504 de
1345 2436 1595 2530 quibus
1638 2460 1747 2503 les
1786 2452 1975 2501 certa
2010 2451 2153 2501 est.
2211 2442 2473 2523 porro,

531 2538 618 2605 de
665 2538 916 2630 quibus
968 2541 1268 2628 suspicio
1315 2562 1419 2611 est
1455 2537 1930 2633 probabilior.
1981 2540 2325 2629 denique,
2380 2536 2474 2602 de

525 2642 778 2733 quibus
825 2644 1208 2713 testimonia
1271 2650 1532 2718 leviora
1571 2664 1781 2733 suut,
1838 2671 2043 2739 quam
2099 2668 2276 2738 quae
2323 2666 2475 2709 rem

523 2744 803 2817 dubiam
837 2752 1320 2841 persucdeant.

1395 2962 1466 3057 §0
1558 2990 1617 3033 1.

821 3174 1249 3246 AELIUS
1345 3178 1921 3248 DONATUS
1996 3180 2178 3265 (*).

529 3396 540 3405 '
607 3382 860 3459 Donati
906 3410 1154 3457 nomen
1186 3442 1206 3477 ,
1254 3411 1325 3460 et
1377 3392 1463 3460 ad
1532 3392 1720 3460 hunc
1767 3394 1995 3463 locuni
2058 3396 2483 3462 cot'nmemo·

525 3496 822 3565 randum
873 3504 975 3564 es't
1001 3548 1022 3582 ,
1086 3515 1156 3564 et
1202 3498 1383 3565 infra
1410 3549 1431 3585 ,
1477 3502 1595 3567 ubi
1651 3502 1741 3569 de
1782 3480 2058 3591 Vir'gilii
2114 3501 2476 3595 interpre-

1396 3614 1411 3625 .
2378 3606 2479 3670 ti-

599 3784 718 3859 (*)
751 3782 1199 3862 Lindenbmgins
1245 3788 1287 3848 1.
1322 3810 1373 3852 c.
1410 3812 1466 3869 p.
1538 3798 1719 3855 ber-ius
1755 3806 2011 3855 voc-atem
2066 3793 2263 3849 Etiam
2294 3792 2357 3843 in
2380 3806 2475 3843 ve-

531 3876 654 3942 531.
689 3874 762 3933 de
800 3874 1012 3957 Dona-ti
1055 3878 1290 3937 nomine
1328 3883 1471 3940 haee
1541 3893 1841 3947 casm-simo
1906 3886 2039 3945 MS,
2098 3880 2239 3937 God.
2310 3892 2479 3953 quem

529 3972 726 4019 notat:
786 3986 812 4014 ι
835 3968 932 4025 Ab
969 3972 1204 4049 caeliquis
1249 3976 1336 4037 cl.
1368 3978 1471 4033 Τί·
1542 3978 1862 4035 Florentiae
1886 3980 1941 4034 iu
1964 3971 2321 4031 Bibliotheca
2350 3970 2476 4021 Du-

1760 4093 1767 4101 .
2395 4076 2475 4113 ces

2594 0 2609 220 1

2605 257 2611 500 Ι
