2642 4725
421 401 530 470 Μ.
605 397 1054 470 ruLLu
1122 365 1825 478 C'ICERONIS.
1972 413 2165 492 151,

177 586 384 656 aedes
429 605 664 652 sacras
687 573 1232 670 'ingrederentur
1255 638 1280 676 ,
1318 618 1554 664 manus
1597 593 1873 662 abluere
1918 589 2101 658 soliti

173 694 490 774 fuerant,
537 706 612 756 et
656 692 934 758 omnino
980 691 1500 784 distinguendus
1525 715 1637 769 ’est
1672 703 1788 770 hic
1829 723 1971 769 mos
2010 701 2096 774 ab
2148 755 2155 762 .

174 823 382 892 aquae
417 796 838 866 benedictae
879 799 1018 868 sive
1056 801 1351 876 lustralis
1398 833 1561 896 usu,
1608 813 1727 904 qui
1762 835 1903 884 non
1939 823 2101 874 ante

179 905 514 974 saeculum
548 907 652 974 IV
687 904 995 974 invaluit.
1047 909 1076 995 (
1101 911 1140 948 *
1163 911 1204 1000 )’

257 1015 358 1082 De
411 1011 647 1100 pretio
683 1013 964 1080 istarum
1008 1017 1521 1089 annotationum
1568 1021 1735 1112 quid
1775 1021 2103 1102 sentiam,

183 1139 318 1185 non
347 1114 690 1184 reticebo·
773 1117 904 1187 Est
924 1121 1000 1186 in
1031 1123 1114 1190 iis
1145 1123 1408 1218 aliquid
1431 1149 1595 1193 sane
1629 1127 1799 1192 boni
1817 1173 1840 1209 ‚
1870 1123 2102 1216 pluri-

189 1248 334 1292 me
365 1238 592 1302 tamen
627 1223 922 1318 ’abinde
947 1235 1389 1322 reperiuntur
1416 1257 1661 1318 nugae,
1706 1247 1777 1300 et
1801 1228 2111 1322 quisquis

197 1325 465 1392 dicatur
524 1327 721 1394 istius
789 1333 1276 1406 commentarii
1340 1355 1573 1405 auctor
1626 1335 1829 1418 fuisse
1858 1383 1881 1418 ‚
1945 1333 2113 1400 mihi

205 1430 478 1524 quidem
511 1431 674 1518 ille,
739 1452 810 1504 et
849 1437 1217 1527 doctrina,
1263 1461 1335 1512 et
1379 1443 1719 1526 oratioue,
1764 1457 1924 1539 post
1968 1441 2106 1506 As·
2208 1483 2215 1488 ·

205 1538 466 1604 eonium
524 1537 729 1624 longe
783 1543 1083 1613 inferior·
1118 1545 1501 1616 censendus
1554 1545 1850 1618 videtur.
1934 1547 2111 1625 Res.

147 1651 154 1656 '
207 1665 366 1733 quae
405 1643 884 1732 explicantur,
925 1650 1294 1742 plurimam
1330 1669 1597 1748 partem
1634 1655 1951 1742 aliunde,
1989 1653 2115 1722 id·-

207 1771 338 1836 que
375 1748 662 1833 melius,
709 1772 1254 1844 cognoscuntur3
1317 1777 1390 1827 et
1434 1759 1566 1828 hoc
1623 1787 1899 1854 quoque
1944 1759 2123 1830 valet

215 1849 296 1918 de
334 1850 690 1923 hominum
717 1905 740 1942 ,
781 1883 1144 1931 munerum
1194 1882 1264 1932 et
1313 1867 1883 1936 consuetudinum
1928 1867 2121 1934 noti-

213 1960 362 2044 13⁸3
440 1963 614 2051 quin
677 1982 748 2032 et
817 1968 1140 2040 dubitare
1184 1971 1350 2041 licet
1378 2024 1399 2058 ,
1465 2000 1551 2043 an
1630 1973 2127 2041 Grammaticae

219 2063 506 2133 studium
551 2069 806 2140 exinde
847 2075 1133 2143 multum
1170 2077 1512 2168 proficiat.
1620 2079 1956 2170 Cognovit
2011 2062 2128 2142 ille

217 2188 430 2242 tamen
461 2193 534 2242 et
571 2169 875 2249 Graecos
907 2181 1171 2276 aliquot
1203 2183 1494 2272 optimos
1528 2185 1893 2272 scriptores
1912 2230 1933 2265 ,
1979 2183 2127 2248 He-

223 2275 565 2366 rodotum,
627 2285 1199 2375 Demosthenem3
1261 2306 1407 2356 tum
1453 2287 1540 2356 de
1598 2290 1903 2360 Latinis.
1968 2287 2127 2356 Sal-

223 2386 532 2473 lustium,
570 2392 963 2479 Virgilium,
1009 2396 1411 2479 Lucanum,
1454 2418 1493 2462 e
1539 2394 1785 2488 quibus
1831 2394 1947 2459 hic
1992 2390 2136 2460 illic

225 2517 358 2583 pro
383 2496 773 2587 interpretis
811 2522 1094 2567 munere
1129 2500 1443 2569 historias
1488 2518 1556 2567 et
1592 2497 1968 2569 locutiones
2006 2496 2143 2567 exae'

229 2601 401 2669 citat.
485 2604 844 2675 Praeterea
901 2630 1178 2699 quoque
1227 2606 1357 2675 alia
1406 2610 1649 2675 veteris
1694 2610 1833 2675 aevi
1878 2634 2136 2675 monu-

226 2724 444 2777 menta
477 2703 870 2797 cognovisse
908 2712 1220 2798 videtur,
1256 2737 1429 2804 quae
1470 2710 1677 2777 hodie
1712 2736 1853 2778 non
1880 2736 2135 2807 super·-

235 2834 421 2885 suntz
487 2816 802 2909 loquitur
872 2820 1128 2905 alicubi
1191 2818 1279 2886 de
1346 2814 1554 2884 Ennii
1628 2814 1894 2900 fabula,
1968 2841 2144 2907 quae

234 2924 522 2993 Achilles
561 2927 968 2996 inscribitur
987 2957 1011 3017 3
1065 2949 1270 3021 quem
1305 2922 1699 2991 scholiastae
1733 2918 1958 2988 locum
2000 2946 2144 2989 non

239 3049 689 3118 cognoverunt
735 3035 830 3118 ii,
891 3034 1010 3125 qui
1051 3032 1262 3100 Ennii
1303 3030 1683 3114 fragmenta
1741 3024 2139 3095 ediderunt.

243 3136 690 3207 Exhibeamus
724 3138 963 3223 illum,
1009 3136 1230 3231 qualis
1268 3136 1344 3201 in
1384 3132 1639 3202 Codice
1677 3148 1980 3226 prostat,
2004 3132 2144 3219 fb·-

247 3243 327 3309 lio
369 3246 475 3315 46.
535 3244 615 3331 id
677 3262 780 3313 est
830 3244 918 3311 ad
982 3246 1176 3311 Orat.
1229 3261 1361 3331 pro
1418 3240 1618 3307 Rosc.
1665 3244 1899 3307 Amer-
1948 3262 2009 3303 c.
2046 3240 2157 3308 52.

249 3353 466 3420 Ferro
528 3355 607 3423 F
605 3357 846 3442 rugio.
937 3354 1024 3421 In
1061 3348 1305 3419 Ennio·
1349 3347 1528 3413 haec
1552 3345 1819 3435 fabula
1860 3342 2159 3409 induci-‘-

255 3468 366 3525 tur
403 3456 754 3529 Achillis.
815 3484 948 3550 quo
1011 3473 1324 3545 tempore
1370 3464 1681 3542 propter
1736 3448 2157 3517 Briseidam

2004 3578 2168 3621 cum

317 3735 426 3808 (Ἴ
469 3734 606 3795 vid.
657 3731 956 3811 Binghami
1011 3732 1170 3811 Orig.
1233 3724 1600 3787 Ramelsveld
1648 3726 1863 3807 Algem.
1933 3722 2161 3783 Kerkel.

259 3820 456 3884 Eodes.
510 3826 583 3883 Τ.
609 3826 714 3885 111.
767 3844 824 3903 p.
855 3844 968 3901 ¹79·
1005 3842 1084 3900 sq.
1121 3824 1170 3880 J.
1241 3815 1445 3875 Gesch.
1491 3816 1593 3875 der
1640 3816 1848 3877 Christ.
1896 3814 2029 3877 Vol,
2057 3814 2189 3875 VI..

255 3910 326 3969 M.
349 3912 632 3976 Schrockh
661 3912 891 3972 Christi.
909 3910 1182 3971 Kirchen·
1241 3930 1300 3991 p.
1342 3912 1455 3969 230.

255 4002 430 4075 cath.
452 4004 705 4067 vaux.
739 4026 797 4084 p.
822 4010 945 4065 325.
977 4004 1040 4062 Y.
1070 4022 1179 4064 van
1271 4086 1280 4093 “
