<?xml version="1.0" encoding="UTF-8"?>
<!DOCTYPE html PUBLIC "-//W3C//DTD XHTML 1.0 Transitional//EN"
    "http://www.w3.org/TR/xhtml1/DTD/xhtml1-transitional.dtd">
<html xmlns="http://www.w3.org/1999/xhtml" xml:lang="en" lang="en">
 <head>
  <title>
</title>
<meta http-equiv="Content-Type" content="text/html;charset=utf-8" />
  <meta name='ocr-system' content='tesseract 3.04.00' />
  <meta name='ocr-capabilities' content='ocr_page ocr_carea ocr_par ocr_line ocrx_word'/>
</head>
<body>
  <div class='ocr_page' id='page_1' title='image "./historiacritica00surigoog_0547.png"; bbox 0 0 2642 4725; ppageno 0'>
   <div class='ocr_carea' id='block_1_1' title="bbox 941 410 2103 505">
    <p class='ocr_par' dir='ltr' id='par_1_1' title="bbox 941 410 2103 505">
     <span class='ocr_line' id='line_1_1' title="bbox 941 410 2103 505; baseline 0.002 -2"><span class='ocrx_word' id='word_1_1' title='bbox 941 410 1339 504; x_wconf 69' lang='lat' dir='ltr'><strong>&#39;vmenn</strong></span> <span class='ocrx_word' id='word_1_2' title='bbox 1980 438 2103 505; x_wconf 67' lang='grc' dir='ltr'><strong>ποι</strong></span> 
     </span>
    </p>
   </div>
   <div class='ocr_carea' id='block_1_2' title="bbox 87 612 2193 3798">
    <p class='ocr_par' dir='ltr' id='par_1_2' title="bbox 176 612 2101 821">
     <span class='ocr_line' id='line_1_2' title="bbox 177 612 2101 709; baseline 0.003 -27"><span class='ocrx_word' id='word_1_3' title='bbox 177 614 309 683; x_wconf 76' lang='lat' dir='ltr'><strong>alia</strong></span> <span class='ocrx_word' id='word_1_4' title='bbox 347 634 612 705; x_wconf 83' lang='lat' dir='ltr'><strong>quoque</strong></span> <span class='ocrx_word' id='word_1_5' title='bbox 645 612 925 707; x_wconf 81' lang='lat' dir='ltr'><strong>plurima</strong></span> <span class='ocrx_word' id='word_1_6' title='bbox 962 617 1212 695; x_wconf 84' lang='lat' dir='ltr'><strong>debeo,</strong></span> <span class='ocrx_word' id='word_1_7' title='bbox 1259 628 1327 684; x_wconf 86' lang='lat' dir='ltr'><strong>et</strong></span> <span class='ocrx_word' id='word_1_8' title='bbox 1362 617 1471 685; x_wconf 85' lang='lat' dir='ltr'><strong>hic</strong></span> <span class='ocrx_word' id='word_1_9' title='bbox 1515 618 1830 686; x_wconf 81' lang='lat' dir='ltr'><strong>maximas</strong></span> <span class='ocrx_word' id='word_1_10' title='bbox 1860 622 2101 709; x_wconf 71' lang='lat' dir='ltr'><strong>gratias</strong></span> 
     </span>
     <span class='ocr_line' id='line_1_3' title="bbox 176 720 1559 821; baseline -0.001 -34"><span class='ocrx_word' id='word_1_11' title='bbox 176 720 486 789; x_wconf 82' lang='lat' dir='ltr'><strong>habeam.</strong></span> <span class='ocrx_word' id='word_1_12' title='bbox 1103 801 1112 807; x_wconf 34' lang='lat'>·</span> <span class='ocrx_word' id='word_1_13' title='bbox 1544 810 1559 821; x_wconf 30' lang='grc' dir='ltr'>ἱ</span> 
     </span>
    </p>

    <p class='ocr_par' dir='ltr' id='par_1_3' title="bbox 101 812 2193 1347">
     <span class='ocr_line' id='line_1_4' title="bbox 221 812 2102 925; baseline 0.002 -28"><span class='ocrx_word' id='word_1_14' title='bbox 221 918 230 925; x_wconf 38' lang='grc'><em>·</em></span> <span class='ocrx_word' id='word_1_15' title='bbox 264 832 413 897; x_wconf 83' lang='lat' dir='ltr'><strong>Jam</strong></span> <span class='ocrx_word' id='word_1_16' title='bbox 453 812 612 897; x_wconf 36' lang='lat' dir='ltr'><strong>‘vero</strong></span> <span class='ocrx_word' id='word_1_17' title='bbox 655 828 820 917; x_wconf 87' lang='lat' dir='ltr'><strong>quid</strong></span> <span class='ocrx_word' id='word_1_18' title='bbox 857 829 1136 919; x_wconf 77' lang='lat' dir='ltr'><strong>reperire</strong></span> <span class='ocrx_word' id='word_1_19' title='bbox 1179 831 1526 918; x_wconf 79' lang='lat' dir='ltr'><strong>contigerit</strong></span> <span class='ocrx_word' id='word_1_20' title='bbox 1549 876 1568 907; x_wconf 90' lang='lat'>‚</span> <span class='ocrx_word' id='word_1_21' title='bbox 1626 850 1781 897; x_wconf 87' lang='lat' dir='ltr'><strong>cum</strong></span> <span class='ocrx_word' id='word_1_22' title='bbox 1842 834 2102 901; x_wconf 76' lang='lat' dir='ltr'><strong>erudito</strong></span> 
     </span>
     <span class='ocr_line' id='line_1_5' title="bbox 101 930 2113 1026; baseline -0.001 -19"><span class='ocrx_word' id='word_1_23' title='bbox 101 998 108 1007; x_wconf 84' lang='lat'><strong>.</strong></span> <span class='ocrx_word' id='word_1_24' title='bbox 173 936 341 1004; x_wconf 88' lang='lat' dir='ltr'><strong>orbe</strong></span> <span class='ocrx_word' id='word_1_25' title='bbox 385 930 1040 1014; x_wconf 82' lang='lat' dir='ltr'><strong>communicaturus‚&#39;</strong></span> <span class='ocrx_word' id='word_1_26' title='bbox 1063 938 1301 1025; x_wconf 88' lang='lat' dir='ltr'><strong>partim</strong></span> <span class='ocrx_word' id='word_1_27' title='bbox 1350 937 1619 1025; x_wconf 87' lang='lat' dir='ltr'><strong>quidem</strong></span> <span class='ocrx_word' id='word_1_28' title='bbox 1655 932 1914 1026; x_wconf 80' lang='lat' dir='ltr'><strong>gaudeo</strong></span> <span class='ocrx_word' id='word_1_29' title='bbox 1937 985 1958 1018; x_wconf 85' lang='lat'>,</span> <span class='ocrx_word' id='word_1_30' title='bbox 2000 942 2113 1008; x_wconf 72' lang='lat' dir='ltr'><strong>in-</strong></span> 
     </span>
     <span class='ocr_line' id='line_1_6' title="bbox 173 1036 2098 1133; baseline 0.001 -20"><span class='ocrx_word' id='word_1_31' title='bbox 173 1044 419 1113; x_wconf 78' lang='lat' dir='ltr'><strong>venisse</strong></span> <span class='ocrx_word' id='word_1_32' title='bbox 447 1040 632 1131; x_wconf 85' lang='lat' dir='ltr'><strong>quod</strong></span> <span class='ocrx_word' id='word_1_33' title='bbox 667 1042 1070 1110; x_wconf 81' lang='lat' dir='ltr'><strong>Burmannus</strong></span> <span class='ocrx_word' id='word_1_34' title='bbox 1102 1046 1462 1133; x_wconf 80' lang='lat' dir='ltr'><strong>ignoravit:</strong></span> <span class='ocrx_word' id='word_1_35' title='bbox 1506 1036 1619 1113; x_wconf 84' lang='lat' dir='ltr'><strong>sed</strong></span> <span class='ocrx_word' id='word_1_36' title='bbox 1654 1047 1841 1116; x_wconf 86' lang='lat' dir='ltr'><strong>simul</strong></span> <span class='ocrx_word' id='word_1_37' title='bbox 1869 1048 2098 1128; x_wconf 81' lang='lat' dir='ltr'><strong>doleo,</strong></span> 
     </span>
     <span class='ocr_line' id='line_1_7' title="bbox 176 1138 2193 1245; baseline 0.002 -31"><span class='ocrx_word' id='word_1_38' title='bbox 176 1171 287 1215; x_wconf 86' lang='lat' dir='ltr'><strong>me</strong></span> <span class='ocrx_word' id='word_1_39' title='bbox 326 1171 460 1217; x_wconf 90' lang='lat' dir='ltr'><strong>non</strong></span> <span class='ocrx_word' id='word_1_40' title='bbox 489 1148 833 1227; x_wconf 81' lang='lat' dir='ltr'><strong>invenisse,</strong></span> <span class='ocrx_word' id='word_1_41' title='bbox 880 1151 1062 1240; x_wconf 88' lang='lat' dir='ltr'><strong>quod</strong></span> <span class='ocrx_word' id='word_1_42' title='bbox 1123 1177 1274 1221; x_wconf 91' lang='lat' dir='ltr'><strong>cum</strong></span> <span class='ocrx_word' id='word_1_43' title='bbox 1332 1154 1619 1245; x_wconf 78' lang='lat' dir='ltr'><strong>Virgilii,</strong></span> <span class='ocrx_word' id='word_1_44' title='bbox 1666 1162 1805 1221; x_wconf 86' lang='lat' dir='ltr'><strong>tum</strong></span> <span class='ocrx_word' id='word_1_45' title='bbox 1855 1138 2105 1225; x_wconf 39' lang='lat' dir='ltr'><strong>Lite&#39;ra-</strong></span> <span class='ocrx_word' id='word_1_46' title='bbox 2188 1212 2193 1219; x_wconf 85' lang='lat'><strong>.</strong></span> 
     </span>
     <span class='ocr_line' id='line_1_8' title="bbox 167 1258 1276 1347; baseline 0.004 -23"><span class='ocrx_word' id='word_1_47' title='bbox 167 1279 320 1333; x_wconf 18' lang='lat' dir='ltr'><strong>&#39;rum</strong></span> <span class='ocrx_word' id='word_1_48' title='bbox 362 1279 560 1324; x_wconf 86' lang='lat' dir='ltr'><strong>causa</strong></span> <span class='ocrx_word' id='word_1_49' title='bbox 601 1258 879 1345; x_wconf 86' lang='lat' dir='ltr'><strong>reperire</strong></span> <span class='ocrx_word' id='word_1_50' title='bbox 922 1262 1276 1347; x_wconf 81' lang='lat' dir='ltr'><strong>cupieram.</strong></span> 
     </span>
    </p>

    <p class='ocr_par' dir='ltr' id='par_1_4' title="bbox 87 1366 2185 3798">
     <span class='ocr_line' id='line_1_9' title="bbox 219 1366 2103 1453; baseline 0.004 -20"><span class='ocrx_word' id='word_1_51' title='bbox 219 1367 550 1451; x_wconf 26' lang='lat' dir='ltr'><strong>‘Primum</strong></span> <span class='ocrx_word' id='word_1_52' title='bbox 595 1366 819 1453; x_wconf 81' lang='lat' dir='ltr'><strong>itaque</strong></span> <span class='ocrx_word' id='word_1_53' title='bbox 877 1368 1088 1435; x_wconf 83' lang='lat' dir='ltr'><strong>sciant</strong></span> <span class='ocrx_word' id='word_1_54' title='bbox 1152 1368 1407 1435; x_wconf 86' lang='lat' dir='ltr'><strong>Eruditi</strong></span> <span class='ocrx_word' id='word_1_55' title='bbox 1429 1416 1449 1447; x_wconf 92' lang='lat'>‚</span> <span class='ocrx_word' id='word_1_56' title='bbox 1497 1367 1763 1436; x_wconf 79' lang='lat' dir='ltr'><strong>Scholia</strong></span> <span class='ocrx_word' id='word_1_57' title='bbox 1829 1371 1947 1438; x_wconf 87' lang='lat' dir='ltr'><strong>ista</strong></span> <span class='ocrx_word' id='word_1_58' title='bbox 2015 1374 2103 1440; x_wconf 90' lang='lat' dir='ltr'><strong>ab</strong></span> 
     </span>
     <span class='ocr_line' id='line_1_10' title="bbox 173 1457 2103 1553; baseline 0.004 -15"><span class='ocrx_word' id='word_1_59' title='bbox 173 1472 440 1539; x_wconf 78' lang='lat' dir='ltr'>Heinsio</span> <span class='ocrx_word' id='word_1_60' title='bbox 478 1484 873 1553; x_wconf 87' lang='lat' dir='ltr'><strong>memorata,</strong></span> <span class='ocrx_word' id='word_1_61' title='bbox 920 1484 987 1539; x_wconf 87' lang='lat' dir='ltr'><strong>et</strong></span> <span class='ocrx_word' id='word_1_62' title='bbox 1029 1474 1281 1544; x_wconf 83' lang='lat' dir='ltr'><strong>Glossas</strong></span> <span class='ocrx_word' id='word_1_63' title='bbox 1322 1501 1364 1546; x_wconf 89' lang='lat' dir='ltr'><strong>a</strong></span> <span class='ocrx_word' id='word_1_64' title='bbox 1413 1457 1769 1544; x_wconf 67' lang='lat' dir='ltr'><strong>Muncltero</strong></span> <span class='ocrx_word' id='word_1_65' title='bbox 1812 1478 2103 1546; x_wconf 83' lang='lat' dir='ltr'><strong>celebra·</strong></span> 
     </span>
     <span class='ocr_line' id='line_1_11' title="bbox 173 1583 2107 1673; baseline 0.003 -24"><span class='ocrx_word' id='word_1_66' title='bbox 173 1592 316 1663; x_wconf 85' lang='lat' dir='ltr'><strong>tas,</strong></span> <span class='ocrx_word' id='word_1_67' title='bbox 361 1605 500 1653; x_wconf 85' lang='lat' dir='ltr'><strong>non</strong></span> <span class='ocrx_word' id='word_1_68' title='bbox 549 1584 684 1651; x_wconf 88' lang='lat' dir='ltr'><strong>duo</strong></span> <span class='ocrx_word' id='word_1_69' title='bbox 727 1583 972 1649; x_wconf 83' lang='lat' dir='ltr'><strong>diversa</strong></span> <span class='ocrx_word' id='word_1_70' title='bbox 1029 1605 1228 1672; x_wconf 89' lang='lat' dir='ltr'><strong>opera</strong></span> <span class='ocrx_word' id='word_1_71' title='bbox 1290 1606 1423 1652; x_wconf 81' lang='lat' dir='ltr'><strong>esse</strong></span> <span class='ocrx_word' id='word_1_72' title='bbox 1443 1633 1461 1661; x_wconf 84' lang='lat'><strong>‚</strong></span> <span class='ocrx_word' id='word_1_73' title='bbox 1506 1588 1674 1655; x_wconf 82' lang='lat' dir='ltr'><strong>sicut</strong></span> <span class='ocrx_word' id='word_1_74' title='bbox 1712 1585 2107 1673; x_wconf 80' lang='lat' dir='ltr'><strong>opinabatur</strong></span> 
     </span>
     <span class='ocr_line' id='line_1_12' title="bbox 87 1688 2101 1780; baseline 0.004 -26"><span class='ocrx_word' id='word_1_75' title='bbox 87 1756 92 1759; x_wconf 78' lang='grc'><strong>,</strong></span> <span class='ocrx_word' id='word_1_76' title='bbox 163 1688 584 1757; x_wconf 78' lang='lat' dir='ltr'><strong>Burmannus</strong></span> <span class='ocrx_word' id='word_1_77' title='bbox 619 1693 848 1769; x_wconf 83' lang='lat' dir='ltr'><strong>Junior</strong></span> <span class='ocrx_word' id='word_1_78' title='bbox 865 1738 884 1771; x_wconf 85' lang='lat'><strong>,</strong></span> <span class='ocrx_word' id='word_1_79' title='bbox 929 1692 1045 1759; x_wconf 83' lang='lat' dir='ltr'><strong>sed</strong></span> <span class='ocrx_word' id='word_1_80' title='bbox 1085 1712 1286 1758; x_wconf 89' lang='lat' dir='ltr'><strong>unum</strong></span> <span class='ocrx_word' id='word_1_81' title='bbox 1328 1692 1737 1780; x_wconf 86' lang='lat' dir='ltr'><strong>eundemque</strong></span> <span class='ocrx_word' id='word_1_82' title='bbox 1769 1693 2061 1768; x_wconf 85' lang='lat' dir='ltr'><strong>lahorem</strong></span> <span class='ocrx_word' id='word_1_83' title='bbox 2078 1742 2101 1775; x_wconf 83' lang='lat'><strong>,</strong></span> 
     </span>
     <span class='ocr_line' id='line_1_13' title="bbox 158 1796 2101 1869; baseline 0 0"><span class='ocrx_word' id='word_1_84' title='bbox 158 1807 498 1869; x_wconf 76' lang='lat' dir='ltr'><strong>,servatum</strong></span> <span class='ocrx_word' id='word_1_85' title='bbox 542 1798 614 1864; x_wconf 88' lang='lat' dir='ltr'><strong>in</strong></span> <span class='ocrx_word' id='word_1_86' title='bbox 651 1796 897 1866; x_wconf 84' lang='lat' dir='ltr'><strong>Codice</strong></span> <span class='ocrx_word' id='word_1_87' title='bbox 935 1798 1288 1865; x_wconf 71' lang='lat' dir='ltr'><strong>Membran.</strong></span> <span class='ocrx_word' id='word_1_88' title='bbox 1336 1796 1785 1867; x_wconf 73' lang='lat' dir='ltr'><strong>Bibliothecae</strong></span> <span class='ocrx_word' id='word_1_89' title='bbox 1824 1800 2101 1869; x_wconf 86' lang='lat' dir='ltr'><strong>Leiden-</strong></span> 
     </span>
     <span class='ocr_line' id='line_1_14' title="bbox 169 1902 2098 2001; baseline 0.002 -30"><span class='ocrx_word' id='word_1_90' title='bbox 169 1906 259 1971; x_wconf 85' lang='lat' dir='ltr'><strong>sis</strong></span> <span class='ocrx_word' id='word_1_91' title='bbox 289 1902 602 1972; x_wconf 85' lang='lat' dir='ltr'><strong>Publicae</strong></span> <span class='ocrx_word' id='word_1_92' title='bbox 623 1952 642 1983; x_wconf 91' lang='lat'><strong>,</strong></span> <span class='ocrx_word' id='word_1_93' title='bbox 689 1905 804 1993; x_wconf 90' lang='lat' dir='ltr'><strong>qui</strong></span> <span class='ocrx_word' id='word_1_94' title='bbox 838 1906 908 1971; x_wconf 89' lang='lat' dir='ltr'><strong>in</strong></span> <span class='ocrx_word' id='word_1_95' title='bbox 945 1904 1263 1993; x_wconf 79' lang='lat' dir='ltr'><strong>Catalogo</strong></span> <span class='ocrx_word' id='word_1_96' title='bbox 1305 1927 1373 1992; x_wconf 90' lang='lat' dir='ltr'><strong>p.</strong></span> <span class='ocrx_word' id='word_1_97' title='bbox 1390 1904 1541 1971; x_wconf 81' lang='lat'><strong>33⁰.</strong></span> <span class='ocrx_word' id='word_1_98' title='bbox 1566 1904 1641 1971; x_wconf 89' lang='lat' dir='ltr'><strong>B.</strong></span> <span class='ocrx_word' id='word_1_99' title='bbox 1685 1907 1852 2001; x_wconf 74' lang='lat' dir='ltr'><strong>inter</strong></span> <span class='ocrx_word' id='word_1_100' title='bbox 1882 1906 2098 1977; x_wconf 85' lang='lat' dir='ltr'><strong>Codd.</strong></span> 
     </span>
     <span class='ocr_line' id='line_1_15' title="bbox 173 2009 2096 2092; baseline 0 -13"><span class='ocrx_word' id='word_1_101' title='bbox 173 2013 324 2079; x_wconf 80' lang='lat' dir='ltr'><strong>Lat.</strong></span> <span class='ocrx_word' id='word_1_102' title='bbox 354 2032 695 2077; x_wconf 86' lang='lat' dir='ltr'><strong>numerum</strong></span> <span class='ocrx_word' id='word_1_103' title='bbox 719 2010 1092 2077; x_wconf 83' lang='lat' dir='ltr'><strong>habet135.</strong></span> <span class='ocrx_word' id='word_1_104' title='bbox 1115 2009 1368 2077; x_wconf 80' lang='lat' dir='ltr'><strong>formae</strong></span> <span class='ocrx_word' id='word_1_105' title='bbox 1389 2009 1538 2077; x_wconf 79' lang='lat' dir='ltr'><strong>Oct·</strong></span> <span class='ocrx_word' id='word_1_106' title='bbox 1583 2012 1831 2079; x_wconf 88' lang='lat' dir='ltr'><strong>Deinde</strong></span> <span class='ocrx_word' id='word_1_107' title='bbox 1852 2014 2060 2081; x_wconf 77' lang='lat' dir='ltr'><strong>sciant</strong></span> <span class='ocrx_word' id='word_1_108' title='bbox 2077 2061 2096 2092; x_wconf 84' lang='grc'>,</span> 
     </span>
     <span class='ocr_line' id='line_1_16' title="bbox 168 2118 2099 2203; baseline 0.001 -20"><span class='ocrx_word' id='word_1_109' title='bbox 168 2118 354 2184; x_wconf 88' lang='lat' dir='ltr'><strong>hunc</strong></span> <span class='ocrx_word' id='word_1_110' title='bbox 393 2118 687 2185; x_wconf 85' lang='lat' dir='ltr'><strong>lahorem</strong></span> <span class='ocrx_word' id='word_1_111' title='bbox 707 2164 728 2195; x_wconf 86' lang='lat'>‚</span> <span class='ocrx_word' id='word_1_112' title='bbox 773 2118 1040 2185; x_wconf 82' lang='lat' dir='ltr'><strong>fortasse</strong></span> <span class='ocrx_word' id='word_1_113' title='bbox 1077 2118 1234 2183; x_wconf 89' lang='lat' dir='ltr'><strong>olim</strong></span> <span class='ocrx_word' id='word_1_114' title='bbox 1279 2118 1661 2203; x_wconf 85' lang='lat' dir='ltr'><strong>ampliorem</strong></span> <span class='ocrx_word' id='word_1_115' title='bbox 1682 2164 1703 2195; x_wconf 83' lang='lat'><strong>,</strong></span> <span class='ocrx_word' id='word_1_116' title='bbox 1746 2138 1923 2185; x_wconf 88' lang='lat' dir='ltr'><strong>nunc</strong></span> <span class='ocrx_word' id='word_1_117' title='bbox 1963 2140 2099 2185; x_wconf 89' lang='lat' dir='ltr'><strong>non</strong></span> 
     </span>
     <span class='ocr_line' id='line_1_17' title="bbox 169 2221 2092 2313; baseline -0.001 -22"><span class='ocrx_word' id='word_1_118' title='bbox 169 2226 497 2313; x_wconf 75' lang='lat' dir='ltr'><strong>integrum</strong></span> <span class='ocrx_word' id='word_1_119' title='bbox 525 2244 658 2289; x_wconf 84' lang='lat' dir='ltr'><strong>esse</strong></span> <span class='ocrx_word' id='word_1_120' title='bbox 678 2270 701 2303; x_wconf 83' lang='lat'><strong><em>‚</em></strong></span> <span class='ocrx_word' id='word_1_121' title='bbox 721 2245 858 2309; x_wconf 86' lang='lat' dir='ltr'><strong>quo</strong></span> <span class='ocrx_word' id='word_1_122' title='bbox 883 2224 1127 2311; x_wconf 85' lang='lat' dir='ltr'><strong>quippe</strong></span> <span class='ocrx_word' id='word_1_123' title='bbox 1152 2244 1290 2288; x_wconf 87' lang='lat' dir='ltr'><strong>non</strong></span> <span class='ocrx_word' id='word_1_124' title='bbox 1314 2224 1435 2287; x_wconf 84' lang='lat' dir='ltr'><strong>nisi</strong></span> <span class='ocrx_word' id='word_1_125' title='bbox 1460 2221 1597 2289; x_wconf 90' lang='lat' dir='ltr'><strong>duo</strong></span> <span class='ocrx_word' id='word_1_126' title='bbox 1614 2222 1859 2309; x_wconf 84' lang='lat' dir='ltr'><strong>priores</strong></span> <span class='ocrx_word' id='word_1_127' title='bbox 1892 2222 2092 2289; x_wconf 83' lang='lat' dir='ltr'><strong>Geor-</strong></span> 
     </span>
     <span class='ocr_line' id='line_1_18' title="bbox 169 2321 2099 2420; baseline 0.001 -25"><span class='ocrx_word' id='word_1_128' title='bbox 169 2332 469 2420; x_wconf 75' lang='lat' dir='ltr'><strong>gicorum</strong></span> <span class='ocrx_word' id='word_1_129' title='bbox 507 2330 655 2396; x_wconf 87' lang='lat' dir='ltr'><strong>libri</strong></span> <span class='ocrx_word' id='word_1_130' title='bbox 686 2330 1106 2417; x_wconf 78' lang='lat' dir='ltr'><strong>explicentur.</strong></span> <span class='ocrx_word' id='word_1_131' title='bbox 1155 2326 1359 2393; x_wconf 89' lang='lat' dir='ltr'><strong>Porro</strong></span> <span class='ocrx_word' id='word_1_132' title='bbox 1380 2348 1514 2394; x_wconf 89' lang='lat' dir='ltr'><strong>non</strong></span> <span class='ocrx_word' id='word_1_133' title='bbox 1536 2326 1673 2394; x_wconf 86' lang='lat' dir='ltr'><strong>sine</strong></span> <span class='ocrx_word' id='word_1_134' title='bbox 1709 2321 1937 2396; x_wconf 78' lang='lat' dir='ltr'><strong>dolore</strong></span> <span class='ocrx_word' id='word_1_135' title='bbox 1978 2329 2099 2397; x_wconf 86' lang='lat' dir='ltr'><strong>de·</strong></span> 
     </span>
     <span class='ocr_line' id='line_1_19' title="bbox 164 2425 2095 2522; baseline -0.002 -18"><span class='ocrx_word' id='word_1_136' title='bbox 164 2436 556 2506; x_wconf 84' lang='lat' dir='ltr'><strong>clarandum</strong></span> <span class='ocrx_word' id='word_1_137' title='bbox 591 2445 685 2502; x_wconf 82' lang='lat' dir='ltr'><strong>est</strong></span> <span class='ocrx_word' id='word_1_138' title='bbox 705 2482 722 2514; x_wconf 88' lang='lat'><strong>,</strong></span> <span class='ocrx_word' id='word_1_139' title='bbox 770 2433 1062 2500; x_wconf 82' lang='lat' dir='ltr'><strong>laborem</strong></span> <span class='ocrx_word' id='word_1_140' title='bbox 1091 2425 1284 2498; x_wconf 77' lang='lat' dir='ltr'><strong>istum</strong></span> <span class='ocrx_word' id='word_1_141' title='bbox 1315 2455 1451 2500; x_wconf 88' lang='lat' dir='ltr'><strong>non</strong></span> <span class='ocrx_word' id='word_1_142' title='bbox 1488 2435 1559 2500; x_wconf 89' lang='lat' dir='ltr'><strong>id</strong></span> <span class='ocrx_word' id='word_1_143' title='bbox 1583 2453 1748 2512; x_wconf 85' lang='lat' dir='ltr'><strong>esse,</strong></span> <span class='ocrx_word' id='word_1_144' title='bbox 1776 2437 1961 2522; x_wconf 86' lang='lat' dir='ltr'><strong>quod</strong></span> <span class='ocrx_word' id='word_1_145' title='bbox 1983 2437 2095 2502; x_wconf 84' lang='lat' dir='ltr'><strong>illa</strong></span> 
     </span>
     <span class='ocr_line' id='line_1_20' title="bbox 171 2537 2113 2630; baseline -0.001 -18"><span class='ocrx_word' id='word_1_146' title='bbox 171 2545 260 2612; x_wconf 88' lang='lat' dir='ltr'><strong>ab</strong></span> <span class='ocrx_word' id='word_1_147' title='bbox 288 2543 549 2610; x_wconf 83' lang='lat' dir='ltr'><strong>Heinsio</strong></span> <span class='ocrx_word' id='word_1_148' title='bbox 596 2551 664 2608; x_wconf 85' lang='lat' dir='ltr'><strong>et</strong></span> <span class='ocrx_word' id='word_1_149' title='bbox 701 2541 1054 2608; x_wconf 82' lang='lat' dir='ltr'><strong>Munckcro</strong></span> <span class='ocrx_word' id='word_1_150' title='bbox 1108 2538 1447 2628; x_wconf 85' lang='lat' dir='ltr'><strong>publicata</strong></span> <span class='ocrx_word' id='word_1_151' title='bbox 1494 2537 1743 2607; x_wconf 85' lang='lat' dir='ltr'><strong>scholia</strong></span> <span class='ocrx_word' id='word_1_152' title='bbox 1782 2543 2113 2630; x_wconf 84' lang='lat' dir='ltr'><strong>suspicari&#39;</strong></span> 
     </span>
     <span class='ocr_line' id='line_1_21' title="bbox 166 2645 2092 2737; baseline -0.001 -21"><span class='ocrx_word' id='word_1_153' title='bbox 166 2659 540 2729; x_wconf 78' lang='lat' dir='ltr'><strong>suaserant3</strong></span> <span class='ocrx_word' id='word_1_154' title='bbox 605 2645 1144 2734; x_wconf 81' lang='lat' dir='ltr'><strong>quandoquidem</strong></span> <span class='ocrx_word' id='word_1_155' title='bbox 1172 2692 1191 2723; x_wconf 88' lang='lat'><strong>,</strong></span> <span class='ocrx_word' id='word_1_156' title='bbox 1259 2667 1332 2712; x_wconf 86' lang='lat' dir='ltr'><strong>re</strong></span> <span class='ocrx_word' id='word_1_157' title='bbox 1387 2647 1643 2735; x_wconf 84' lang='lat' dir='ltr'><strong>plenius</strong></span> <span class='ocrx_word' id='word_1_158' title='bbox 1699 2659 2040 2737; x_wconf 84' lang='lat' dir='ltr'><strong>perspecta</strong></span> <span class='ocrx_word' id='word_1_159' title='bbox 2066 2693 2092 2731; x_wconf 81' lang='lat'>,</span> 
     </span>
     <span class='ocr_line' id='line_1_22' title="bbox 167 2747 2091 2842; baseline -0.002 -19"><span class='ocrx_word' id='word_1_160' title='bbox 167 2755 334 2823; x_wconf 87' lang='lat' dir='ltr'><strong>nihil</strong></span> <span class='ocrx_word' id='word_1_161' title='bbox 375 2747 578 2820; x_wconf 70' lang='lat' dir='ltr'><strong>&#39;aliud</strong></span> <span class='ocrx_word' id='word_1_162' title='bbox 633 2754 716 2818; x_wconf 83' lang='lat' dir='ltr'><strong>sit</strong></span> <span class='ocrx_word' id='word_1_163' title='bbox 771 2752 896 2819; x_wconf 85' lang='lat' dir='ltr'><strong>nisi</strong></span> <span class='ocrx_word' id='word_1_164' title='bbox 952 2751 1242 2830; x_wconf 73' lang='lat' dir='ltr'><strong>Sei-viani</strong></span> <span class='ocrx_word' id='word_1_165' title='bbox 1300 2753 1765 2820; x_wconf 78' lang='lat' dir='ltr'><strong>commentarii</strong></span> <span class='ocrx_word' id='word_1_166' title='bbox 1808 2775 2091 2842; x_wconf 77' lang='lat' dir='ltr'><strong>apogra-</strong></span> 
     </span>
     <span class='ocr_line' id='line_1_23' title="bbox 163 2857 2093 2950; baseline 0 -26"><span class='ocrx_word' id='word_1_167' title='bbox 163 2860 372 2950; x_wconf 82' lang='lat' dir='ltr'><strong>phum</strong></span> <span class='ocrx_word' id='word_1_168' title='bbox 391 2907 410 2938; x_wconf 88' lang='lat'><strong>,</strong></span> <span class='ocrx_word' id='word_1_169' title='bbox 456 2857 640 2947; x_wconf 85' lang='lat' dir='ltr'><strong>quod</strong></span> <span class='ocrx_word' id='word_1_170' title='bbox 660 2905 680 2936; x_wconf 94' lang='lat'>‚</span> <span class='ocrx_word' id='word_1_171' title='bbox 727 2879 1131 2948; x_wconf 84' lang='lat' dir='ltr'><strong>quamquam</strong></span> <span class='ocrx_word' id='word_1_172' title='bbox 1189 2858 1302 2926; x_wconf 87' lang='lat' dir='ltr'><strong>hic</strong></span> <span class='ocrx_word' id='word_1_173' title='bbox 1340 2860 1474 2927; x_wconf 91' lang='lat' dir='ltr'><strong>illic</strong></span> <span class='ocrx_word' id='word_1_174' title='bbox 1514 2860 1793 2947; x_wconf 82' lang='lat' dir='ltr'><strong>insignes</strong></span> <span class='ocrx_word' id='word_1_175' title='bbox 1840 2857 2093 2946; x_wconf 79' lang='lat' dir='ltr'><strong>aliquot</strong></span> 
     </span>
     <span class='ocr_line' id='line_1_24' title="bbox 167 2963 2092 3054; baseline 0.001 -22"><span class='ocrx_word' id='word_1_176' title='bbox 167 2965 577 3032; x_wconf 76' lang='lat' dir='ltr'><strong>accessiones</strong></span> <span class='ocrx_word' id='word_1_177' title='bbox 615 2963 982 3042; x_wconf 78' lang='lat' dir='ltr'><strong>contineat,</strong></span> <span class='ocrx_word' id='word_1_178' title='bbox 1029 2964 1351 3030; x_wconf 83' lang='lat' dir='ltr'><strong>immerito</strong></span> <span class='ocrx_word' id='word_1_179' title='bbox 1395 2976 1610 3044; x_wconf 84' lang='lat' dir='ltr'><strong>tamen</strong></span> <span class='ocrx_word' id='word_1_180' title='bbox 1643 2988 1764 3054; x_wconf 87' lang='lat' dir='ltr'><strong>pro</strong></span> <span class='ocrx_word' id='word_1_181' title='bbox 1797 2967 2092 3052; x_wconf 88' lang='lat' dir='ltr'><strong>peculia-</strong></span> 
     </span>
     <span class='ocr_line' id='line_1_25' title="bbox 161 3067 2091 3163; baseline 0 -23"><span class='ocrx_word' id='word_1_182' title='bbox 161 3073 252 3140; x_wconf 80' lang='lat' dir='ltr'><strong>ris</strong></span> <span class='ocrx_word' id='word_1_183' title='bbox 290 3067 680 3163; x_wconf 68' lang='lat' dir='ltr'><strong>scholiastae</strong></span> <span class='ocrx_word' id='word_1_184' title='bbox 713 3069 942 3136; x_wconf 89' lang='lat' dir='ltr'><strong>labore</strong></span> <span class='ocrx_word' id='word_1_185' title='bbox 985 3067 1326 3135; x_wconf 79' lang='lat' dir='ltr'><strong>habeatur.</strong></span> <span class='ocrx_word' id='word_1_186' title='bbox 1410 3069 1705 3157; x_wconf 83' lang='lat' dir='ltr'><strong>Denique</strong></span> <span class='ocrx_word' id='word_1_187' title='bbox 1758 3074 2091 3140; x_wconf 77' lang='lat' dir='ltr'><strong>sciendum</strong></span> 
     </span>
     <span class='ocr_line' id='line_1_26' title="bbox 163 3171 2083 3266; baseline -0.001 -21"><span class='ocrx_word' id='word_1_188' title='bbox 163 3188 262 3245; x_wconf 83' lang='lat' dir='ltr'><strong>est</strong></span> <span class='ocrx_word' id='word_1_189' title='bbox 285 3225 306 3256; x_wconf 87' lang='lat'>‚</span> <span class='ocrx_word' id='word_1_190' title='bbox 367 3177 524 3242; x_wconf 84' lang='lat' dir='ltr'><strong>istas</strong></span> <span class='ocrx_word' id='word_1_191' title='bbox 586 3176 984 3244; x_wconf 85' lang='lat' dir='ltr'><strong>accessiones</strong></span> <span class='ocrx_word' id='word_1_192' title='bbox 1005 3222 1021 3253; x_wconf 89' lang='lat'><strong>,</strong></span> <span class='ocrx_word' id='word_1_193' title='bbox 1089 3172 1327 3262; x_wconf 79' lang='lat' dir='ltr'><strong>quibus</strong></span> <span class='ocrx_word' id='word_1_194' title='bbox 1392 3171 1521 3240; x_wconf 87' lang='lat' dir='ltr'><strong>hoc</strong></span> <span class='ocrx_word' id='word_1_195' title='bbox 1590 3177 2041 3266; x_wconf 78' lang='lat' dir='ltr'><strong>apographum</strong></span> <span class='ocrx_word' id='word_1_196' title='bbox 2062 3227 2083 3255; x_wconf 85' lang='lat'>‚</span> 
     </span>
     <span class='ocr_line' id='line_1_27' title="bbox 164 3279 2090 3372; baseline 0.001 -24"><span class='ocrx_word' id='word_1_197' title='bbox 164 3303 374 3372; x_wconf 78' lang='lat' dir='ltr'><strong>quam</strong></span> <span class='ocrx_word' id='word_1_198' title='bbox 409 3283 711 3371; x_wconf 75' lang='lat' dir='ltr'><strong>vulgatae</strong></span> <span class='ocrx_word' id='word_1_199' title='bbox 737 3281 941 3348; x_wconf 81' lang='lat' dir='ltr'><strong>Servii</strong></span> <span class='ocrx_word' id='word_1_200' title='bbox 973 3279 1325 3358; x_wconf 78' lang='lat' dir='ltr'><strong>editiones,</strong></span> <span class='ocrx_word' id='word_1_201' title='bbox 1362 3280 1745 3368; x_wconf 87' lang='lat' dir='ltr'><strong>locupletius</strong></span> <span class='ocrx_word' id='word_1_202' title='bbox 1774 3293 1870 3348; x_wconf 83' lang='lat' dir='ltr'><strong>est</strong></span> <span class='ocrx_word' id='word_1_203' title='bbox 1892 3331 1909 3362; x_wconf 82' lang='grc'><em>,</em></span> <span class='ocrx_word' id='word_1_204' title='bbox 1945 3295 2090 3349; x_wconf 77' lang='lat' dir='ltr'><strong>eas-</strong></span> 
     </span>
     <span class='ocr_line' id='line_1_28' title="bbox 163 3385 2185 3476; baseline -0 -20"><span class='ocrx_word' id='word_1_205' title='bbox 163 3392 326 3456; x_wconf 87' lang='lat' dir='ltr'><strong>dem</strong></span> <span class='ocrx_word' id='word_1_206' title='bbox 367 3411 500 3456; x_wconf 82' lang='lat' dir='ltr'><strong>esse</strong></span> <span class='ocrx_word' id='word_1_207' title='bbox 539 3409 706 3476; x_wconf 84' lang='lat' dir='ltr'><strong>quas</strong></span> <span class='ocrx_word' id='word_1_208' title='bbox 735 3389 1141 3454; x_wconf 85' lang='lat' dir='ltr'><strong>Burmannus</strong></span> <span class='ocrx_word' id='word_1_209' title='bbox 1179 3385 1393 3473; x_wconf 72' lang='lat' dir='ltr'><strong>Major</strong></span> <span class='ocrx_word' id='word_1_210' title='bbox 1426 3387 1495 3452; x_wconf 89' lang='lat' dir='ltr'><strong>in</strong></span> <span class='ocrx_word' id='word_1_211' title='bbox 1520 3387 1733 3474; x_wconf 84' lang='lat' dir='ltr'><strong>primo</strong></span> <span class='ocrx_word' id='word_1_212' title='bbox 1767 3390 2093 3455; x_wconf 80' lang='lat' dir='ltr'><strong>volumino</strong></span> <span class='ocrx_word' id='word_1_213' title='bbox 2178 3423 2185 3432; x_wconf 92' lang='lat'><strong>·</strong></span> 
     </span>
     <span class='ocr_line' id='line_1_29' title="bbox 165 3489 2098 3586; baseline -0.005 -19"><span class='ocrx_word' id='word_1_214' title='bbox 165 3496 428 3586; x_wconf 81' lang='lat' dir='ltr'><strong>Virgilii</strong></span> <span class='ocrx_word' id='word_1_215' title='bbox 471 3495 558 3561; x_wconf 86' lang='lat' dir='ltr'><strong>ad</strong></span> <span class='ocrx_word' id='word_1_216' title='bbox 598 3497 851 3563; x_wconf 85' lang='lat' dir='ltr'><strong>calcem</strong></span> <span class='ocrx_word' id='word_1_217' title='bbox 889 3494 1272 3582; x_wconf 80' lang='lat' dir='ltr'><strong>paginarum</strong></span> <span class='ocrx_word' id='word_1_218' title='bbox 1309 3491 1479 3556; x_wconf 84' lang='lat' dir='ltr'><strong>inter</strong></span> <span class='ocrx_word' id='word_1_219' title='bbox 1510 3489 1717 3559; x_wconf 81' lang='lat' dir='ltr'><strong>varias</strong></span> <span class='ocrx_word' id='word_1_220' title='bbox 1750 3492 2098 3558; x_wconf 77' lang='lat' dir='ltr'><strong>Serviano·</strong></span> 
     </span>
     <span class='ocr_line' id='line_1_30' title="bbox 163 3589 2094 3683; baseline -0.002 -15"><span class='ocrx_word' id='word_1_221' title='bbox 163 3624 316 3669; x_wconf 84' lang='lat' dir='ltr'><strong>rum</strong></span> <span class='ocrx_word' id='word_1_222' title='bbox 357 3599 751 3668; x_wconf 80' lang='lat' dir='ltr'><strong>scholiorum</strong></span> <span class='ocrx_word' id='word_1_223' title='bbox 792 3589 1102 3668; x_wconf 76' lang='lat' dir='ltr'><strong>lectiones</strong></span> <span class='ocrx_word' id='word_1_224' title='bbox 1141 3597 1233 3663; x_wconf 81' lang='lat' dir='ltr'><strong>ad</strong></span> <span class='ocrx_word' id='word_1_225' title='bbox 1279 3595 1517 3662; x_wconf 86' lang='lat' dir='ltr'><strong>librum</strong></span> <span class='ocrx_word' id='word_1_226' title='bbox 1557 3598 1836 3683; x_wconf 84' lang='lat' dir='ltr'><strong>primum</strong></span> <span class='ocrx_word' id='word_1_227' title='bbox 1894 3608 1960 3663; x_wconf 75' lang='lat' dir='ltr'><strong>et</strong></span> <span class='ocrx_word' id='word_1_228' title='bbox 1996 3621 2094 3664; x_wconf 88' lang='lat' dir='ltr'><strong>se·</strong></span> 
     </span>
     <span class='ocr_line' id='line_1_31' title="bbox 161 3703 2093 3798; baseline -0.002 -23"><span class='ocrx_word' id='word_1_229' title='bbox 161 3708 465 3776; x_wconf 87' lang='lat' dir='ltr'><strong>cundum</strong></span> <span class='ocrx_word' id='word_1_230' title='bbox 506 3707 972 3798; x_wconf 84' lang='lat' dir='ltr'><strong>Georgicorum</strong></span> <span class='ocrx_word' id='word_1_231' title='bbox 1017 3705 1411 3794; x_wconf 79' lang='lat' dir='ltr'><strong>publicavit,</strong></span> <span class='ocrx_word' id='word_1_232' title='bbox 1476 3713 1734 3768; x_wconf 81' lang='lat' dir='ltr'><strong>notatas</strong></span> <span class='ocrx_word' id='word_1_233' title='bbox 1786 3703 1969 3769; x_wconf 83' lang='lat' dir='ltr'><strong>litera</strong></span> <span class='ocrx_word' id='word_1_234' title='bbox 2014 3703 2093 3772; x_wconf 85' lang='lat' dir='ltr'><strong>G.</strong></span> 
     </span>
    </p>
   </div>
   <div class='ocr_carea' id='block_1_3' title="bbox 161 3809 2210 3984">
    <p class='ocr_par' dir='ltr' id='par_1_5' title="bbox 161 3809 2210 3984">
     <span class='ocr_line' id='line_1_32' title="bbox 161 3809 2210 3926; baseline -0.001 -46"><span class='ocrx_word' id='word_1_235' title='bbox 161 3815 252 3880; x_wconf 77' lang='lat' dir='ltr'><strong>de</strong></span> <span class='ocrx_word' id='word_1_236' title='bbox 297 3813 540 3926; x_wconf 77' lang='lat' dir='ltr'><strong>quibus</strong></span> <span class='ocrx_word' id='word_1_237' title='bbox 593 3834 769 3882; x_wconf 87' lang='lat' dir='ltr'><strong>nunc</strong></span> <span class='ocrx_word' id='word_1_238' title='bbox 823 3819 1093 3901; x_wconf 82' lang='lat' dir='ltr'><strong>apparet</strong></span> <span class='ocrx_word' id='word_1_239' title='bbox 1149 3831 1493 3900; x_wconf 77' lang='lat' dir='ltr'><strong>perperam</strong></span> <span class='ocrx_word' id='word_1_240' title='bbox 1554 3809 1868 3880; x_wconf 70' lang='lat' dir='ltr'><strong>divinasse</strong></span> <span class='ocrx_word' id='word_1_241' title='bbox 1930 3809 2097 3878; x_wconf 88' lang='lat' dir='ltr'><strong>Bur·</strong></span> <span class='ocrx_word' id='word_1_242' title='bbox 2203 3887 2210 3895; x_wconf 45' lang='lat'><em>‚</em></span> 
     </span>
     <span class='ocr_line' id='line_1_33' title="bbox 1905 3937 2094 3984; baseline 0.016 -3"><span class='ocrx_word' id='word_1_243' title='bbox 1905 3937 2094 3984; x_wconf 81' lang='lat' dir='ltr'><strong>maa-</strong></span> 
     </span>
    </p>
   </div>
  </div>
 </body>
</html>
