2642 4725
413 455 462 522 4
658 451 780 522 ΒΕ
843 410 1302 567 ANTiQms
1368 448 2121 524 mmnmssrmus

403 638 606 704 'lium
651 660 699 704 a
745 623 1130 708 Prisciaizo
1181 642 1361 710 libro
1413 639 1477 705 Ῑ.
1516 638 1835 706 Gramm.
1899 638 2129 709 'Acro
2188 635 2371 705 Hei

433 746 668 811 lenius
723 742 826 809 ad
892 744 1308 815 Terentium
1354 771 1401 814 a
1466 746 1842 827 charisio,
1908 744 2151 810 Julius
2194 742 2361 812 Hi-

423 852 646 938 ginue
689 848 791 915 ad
827 847 1100 918 Cinnae
1143 838 1689 942 Propemticum
1734 850 1826 915 ab
1874 849 2115 915 eodem
2160 848 2367 915 Cha-

427 957 632 1020 risio.
727 955 952 1020 Sacer
1015 956 1119 1021 ad
1163 956 1577 1025 Ciceronem
1616 956 1711 1021 ab
1769 954 2063 1035 eodem,
2132 954 2354 1019 Mar·-

430 1059 590 1123 tiua
632 1054 1004 1128 Salutaris
1036 1064 1139 1129 ad
1174 1064 1575 1151 Virgilium
1608 1060 1701 1127 ab
1754 1059 1997 1125 eodem
2032 1082 2305 1149 quoque
2330 1106 2364 1145 ,

421 1164 760 1229 'Scaurus
807 1166 882 1231 in
950 1168 1219 1235 Artem
1262 1170 1575 1240 Horatii
1619 1166 1712 1231 ab
1746 1165 2012 1231 eodem.
2104 1167 2360 1231 Sisen-

415 1274 519 1337 -ὴα
552 1273 652 1337 ati
681 1272 1034 1339 Plautum
1070 1274 1162 1340 ab
1221 1276 1490 1341 eodem.
1524 1318 1537 1329 -
1582 1270 1932 1340 Statilius
1996 1256 2371 1341 Maximae

425 1375 528 1441 ad
605 1376 990 1460 Catonem,
1059 1373 1473 1447 Cicer-oriem
1507 1428 1529 1462 ‚
1600 1376 1939 1444 Sallustii
1992 1378 2371 1445 Historias·

307 1478 320 1495 ⁸
425 1482 518 1548 ab
547 1484 794 1550 eodem
831 1484 1246 1550 doctissimo
1279 1485 1800 1570 Grammatico.
1868 1484 1950 1555 V
1938 1483 2121 1549 elius
2150 1483 2364 1550 Lon-
2428 1498 2435 1507 ’

419 1608 566 1673 gua
607 1586 708 1651 ad
751 1584 1154 1673 Virgilium
1187 1592 1278 1658 ab
1309 1593 1560 1658 eodem
1590 1591 1896 1657 etiam.”
1966 1585 2181 1657 Vides
2220 1584 2361 1665 ita·-

425 1712 562 1779 que
623 1686 894 1775 longam
953 1712 1100 1761 esse
1161 1694 1689 1790 deperditorum
1740 1701 2197 1786 interpretum
2242 1712 2360 1757 se-

413 1797 594 1863 riem
620 1844 643 1876 ,
685 1818 889 1887 quam
939 1820 1176 1879 nemo,
1241 1805 1365 1893 qui
1424 1802 1643 1871 literis
1702 1804 1881 1869 bene
1940 1795 2173 1889 cupit,
2216 1793 2371 1861 sine

417 1917 729 1969 moerore
773 1896 998 1988 legere
1031 1907 1275 1993 possit.
1340 1900 1405 1975 'J
1406 1934 1514 1976 am
1570 1932 1737 1978 vero
1780 1904 1981 1998 quale
2026 1899 2371 1989 judicium

419 2004 792 2074 ferendum
849 2024 956 2075 est
1016 2007 1114 2077 de'
1185 2009 1605 2099 singulorum
1684 2015 1975 2079 istorum
2027 2020 2243 2073 aetate
2298 2020 2371 2070 et

422 2110 742 2182 doctrina
779 2163 800 2199 ,
881 2138 1180 2207 quorum
1254 2118 1746 2213 plerorumque
1800 2110 1979 2179 nihil
2050 2124 2369 2204 superest

409 2238 694 2309 'praeter
731 2222 949 2309 levem
989 2221 1181 2291 illam
1233 2228 1627 2295 memoriam
1654 2222 1947 2290 Charisii
1993 2218 2363 2287 aliorumve

419 2325 1042 2396 Grammaticorum
1067 2330 1473 2398 recentioris
1501 2335 1760 2401 aetatis.
1832 2325 2152 2398 Tandem
2176 2348 2359 2418 quo-

423 2453 565 2519 que
593 2429 770 2497 illud
813 2433 1290 2506 difficultatem
1326 2441 1556 2532 parit,
1602 2441 1835 2535 quod,
1880 2439 2003 2534 qui
2052 2457 2195 2502 non
2238 2431 2366 2498 di·-

419 2553 606 2603 serto
665 2537 1284 2608 Grammaticorum
1354 2549 1743 2616 testimonio
1800 2542 2201 2616 nominatim
2242 2541 2364 2608 in—

423 2637 748 2708 dicentur
819 2648 1198 2736 antiquitus
1275 2650 1635 2739 scripsisse
1711 2651 2217 2719 Commentaria
2294 2649 2370 2715 in

420 2745 613 2812 hunc
641 2741 646 2750 ’
679 2745 787 2818 vel
850 2749 1047 2822 illum
1099 2756 1512 2848 scriptorem
1534 2807 1557 2840 ,
1615 2781 1729 2826 eos
1776 2756 2187 2852 plerumque
2224 2775 2367 2826 non

405 2850 561 2916 misi
621 2847 758 2918 levi
805 2852 1034 2945 aliqua
1076 2863 1464 2954 suspicione
1524 2868 1601 2933 in
1641 2869 2085 2960 antiquorum
2137 2863 2365 2929 inter-

425 2971 704 3048 pretum
741 2983 1104 3034 numerum
1149 2967 1415 3036 referre
1456 2969 1678 3039 liceat.
1768 2973 1861 3041 Et
1906 2975 2043 3041 hoc
2084 2967 2375 3064 ‘quidem
2406 2953 2431 3008 .'

403 3085 538 3130 -eoa
587 3081 856 3135 tantum
919 3088 1190 3161 spectat
1243 3076 1665 3166 iritarpretes
1702 3127 1727 3162 ,
1793 3103 2091 3168 quorum
2163 3095 2374 3165 οΡθΙΊὶ

327 3181 331 3185 ’
421 3170 819 3262 perieruntz
868 3199 1166 3266 quorum
1219 3185 1419 3272 enim,
1438 3207 1647 3275 opera
1690 3203 2059 3272 supersunt
2082 3232 2104 3265 ,
2148 3185 2199 3244 ii
2244 3201 2369 3244 suo

421 3297 583 3341 sane
657 3279 812 3361 jure
881 3280 1066 3348 iuter
1125 3301 1383 3354 veteres
1449 3291 1862 3381 interpretes
1930 3287 2159 3356 locum
2230 3285 2367 3354 sibi

419 3378 814 3451 vindicant.
897 3385 996 3453 At
1034 3413 1196 3459 vero
1241 3392 1331 3462 de
1363 3395 1472 3462 his
1502 3417 1779 3484 quoque
1810 3416 1951 3484 quo
1982 3393 2206 3460 minus
2248 3389 2358 3456 sa·-

423 3485 542 3550 cili
611 3493 890 3573 negotio
968 3493 1306 3581 judicium
1352 3499 1615 3567 feratur
1654 3551 1678 3586 ‚
1736 3503 1956 3588 major
2034 3499 2369 3589 quaedam

423 3588 786 3661 difficultas
853 3601 1220 3686 prohibetx
1287 3605 1409 3696 qui
1477 3611 1661 3675 enim
1716 3624 2087 3698 supersunt
2148 3607 2363 3672 Com—

423 3697 742 3762 mentarii
762 3747 786 3782 ,
848 3703 898 3769 ii
955 3705 1270 3800 plerique
1338 3714 1719 3804 conscripti
1770 3737 1913 3782 esse
1984 3711 2369 3798 creduntur
2444 3777 2449 3782 .

425 3803 514 3868 ab
565 3806 886 3899 ¹antiquis
937 3817 1325 3884 auctoribus
1390 3843 1685 3910 quorum
1750 3823 2025 3892 nomina
2070 3841 2247 3912 ,prae
2296 3839 2369 3884 se

426 3907 666 3982 ferunt
697 3963 720 4002 ‚
774 3917 907 3991 »sed
971 3921 1335 3993 continent
1401 3926 1679 3998 interim
1748 3926 2141 4020 hujusmodi
2214 3947 2367 4007 res,

2192 4057 2285 4124 qu
2291 4057 2368 4104 80
