2642 4725
475 421 600 494 1³6
728 423 926 498 car.
971 421 1102 494 nc.
1185 423 1306 493 nn
1371 419 1698 514 ΑΝτιρ.
1742 419 2169 494 mnam.

488 601 716 691 ,Jdcm
753 621 1009 675 veteres
1054 607 1307 678 eruditi
1352 607 1688 675 orationes
1724 607 2083 676 Ciceronis
2134 609 2417 700 seriptis

492 762 534 797 „
567 715 1056 781 commentariis
1103 714 1652 796 illustraverunt,
1700 739 1867 804 quos
1916 716 2099 780 inter
2133 709 2417 784 videtur

487 861 532 899 ,‚
569 814 836 882 Tullius
867 818 1014 907 ipse
1047 837 1321 903 auctor,
1369 823 1477 887 cni
1507 821 1608 889 rei
1642 819 1852 887 fldem
1884 818 2147 886 faciunt
2176 820 2417 888 Asco⁴

491 971 533 1006 ‚,
561 925 712 989 nius
744 972 765 1007 ,
825 922 1292 1012 Quintilianus
1359 941 1563 1014 atque
1638 926 2021 996 Diomedes.
2108 925 2419 996 Vulcatii

494 1043 534 1114 3,
567 1032 1084 1097 commentarios
1120 1029 1196 1096 in
1241 1033 1581 1102 orationes
1617 1033 1970 1110 Ciceronis
2020 1032 2113 1100 D.
2154 1029 2419 1100 Hiero·

486 1185 529 1222 „
557 1161 796 1228 nymus
827 1153 1178 1206 memorat.
1223 1137 1535 1229 Caprum
1556 1141 1913 1230 Agroetius
1948 1137 2025 1204 in
2050 1157 2411 1206 commen-

371 1257 377 1265 ’
486 1293 531 1331 ,,
561 1244 770 1312 tando
821 1243 1156 1309 Cicerone
1199 1245 1652 1335 praecipuum
1694 1255 1891 1313 vocat
1914 1271 1938 1311 ι
1986 1241 2175 1334 quod
2216 1263 2417 1314 recte

487 1367 534 1438 3,
565 1375 654 1418 ne
695 1375 780 1418 an
822 1371 1010 1416 secus
1039 1346 1303 1415 dictum
1342 1349 1469 1431 sit,
1507 1350 1749 1416 amisso
1770 1347 2055 1436 Capro,
2092 1345 2415 1433 judicare

487 1479 530 1544 3,
561 1481 700 1526 non
747 1478 1126 1546 possumus.
1187 1453 1278 1522 Et
1313 1453 1595 1546 quidem
1648 1451 1859 1545 Capri
1894 1457 2417 1526 commentarios

488 1611 532 1652 2,
561 1567 645 1632 D.
667 1565 868 1630 etiam
904 1563 1355 1653 Hieronymus
1388 1561 1717 1634 nominat·
1761 1557 2079 1648 Denique
2112 1575 2183 1628 et
2212 1583 2423 1653 prae·

490 1715 535 1753 „
563 1667 789 1734 dictus
821 1669 1154 1736 Asconius
1189 1669 1353 1737 alios
1392 1654 1807 1756 interpretes
1860 1663 2050 1734 haud
2088 1690 2247 1736 raro
2286 1670 2417 1736 in-

493 1825 535 1859 „
565 1774 752 1841 dicat
784 1776 1164 1842 orationum
1205 1775 1584 1843 Ciceronis.
1632 1767 1772 1838 Sed
1812 1768 1999 1838 enim
2032 1767 2417 1840 ea'cnncta

489 1927 532 1963 ,,
563 1879 817 1970 scripta
849 1883 1221 1969 perierunt,
1249 1897 1733 1970 praeterquam
1756 1875 2033 1943 Asconii
2056 1890 2127 1940 et
2162 1877 2275 1963 cuj
2284 1899 2409 1944 us-

493 1986 720 2070 „dam
763 1983 1177 2054 Scholiastae
1237 1985 1607 2076 anonymi,
1666 2001 1959 2074 quorum
2010 1977 2279 2048 labores
2330 1983 2411 2049 in

486 2143 531 2180 „
561 2093 821 2184 aliquot
839 2093 1188 2160 Ciceronis
1207 2089 1626 2177 editionibus
1648 2088 2182 2173 conjunguntur.
2208 2085 2417 2152 Com·

486 2247 533 2288 „
559 2198 964 2268 mentarium
987 2221 1026 2262 a
1051 2218 1161 2262 me
1195 2217 1425 2284 nuper
1470 2208 1819 2280 repertum
1839 2237 1865 2275 ,
1910 2193 2077 2280 quia
2108 2193 2167 2261 is
2202 2196 2407 2283 pari-

489 2354 533 2388 „
561 2323 668 2376 ter
701 2321 806 2373 est
836 2323 1244 2391 anonymus,
1282 2299 1509 2369 statim
1530 2349 1549 2385 ,
1591 2315 1670 2367 ut
1704 2321 1832 2391 par
1868 2314 2043 2382 erat,
2084 2321 2241 2370 cum
2266 2303 2409 2371 As-

485 2424 531 2497 3,
562 2409 760 2479 conio
801 2421 867 2474 et
941 2430 1098 2472 cum
1153 2405 1355 2474 editis
1410 2405 1682 2473 scholiis
1728 2402 2037 2472 contuli:
2088 2428 2167 2473 ac
2208 2406 2415 2475 facile

486 2566 531 2604 „
559 2540 720 2585 sane
761 2512 1042 2602 cognovi
1066 2560 1085 2593 ‚
1130 2513 1407 2578 inventa
1442 2534 1590 2578 mea
1629 2512 1765 2577 stili
1800 2510 2129 2598 elegantia
2164 2510 2415 2580 erudi-

487 2676 532 2715 „
564 2626 903 2715 tionisque
931 2618 1343 2707 praestantia
1378 2613 1465 2681 ad
1494 2614 1870 2707 Asconinm
1897 2638 2175 2706 prorsus
2200 2640 2413 2687 acce·-

489 2785 534 2822 „
561 2734 727 2801 dere
757 2780 778 2812 ,
839 2752 876 2794 a
915 2725 1236 2793 ‘siccitate
1288 2735 1513 2789 autem
1557 2738 1627 2787 et
1688 2721 1943 2792 duritia
1990 2722 2415 2795 Scholiastae

485 2888 534 2929 ‚,
562 2839 1000 2909 vehementer
1022 2826 1369 2897 recedere.
1418 2824 1791 2919 Quumque
1826 2848 2178 2918 praeterea
2204 2832 2413 2901 vide-

488 2965 535 3033 „'
561 2968 732 3025 rem,
763 2941 936 3011 miro
977 2934 1274 3025 quodam
1305 2948 1555 3001 eventu
1594 2937 2147 3007 commentarium
2180 2960 2413 3007 meum

483 3100 530 3139 ,‚
559 3052 645 3118 ad
673 3049 994 3139 easipsas
1023 3041 1236 3109 Tullii
1278 3041 1613 3110 orationes
1648 3042 2025 3131 pertinere,
2064 3066 2237 3134 quae
2264 3044 2403 3111 As-

483 3211 530 3249 „
559 3156 858 3230 conianis
889 3146 1439 3219 adnotationibus
1470 3148 1723 3233 injuria
1756 3149 2083 3238 temporis
2126 3147 2407 3218 orbatae

485 3316 532 3357 „
556 3276 818 3347 essent,
855 3260 931 3323 in
970 3276 1113 3322 eam
1149 3252 1465 3345 protinus
1500 3255 1907 3321 sententiam
1942 3255 2266 3337 concessi,
2298 3276 2411 3323 me

485 3420 532 3458 ,.,
561 3366 840 3441 Asconii
877 3359 1162 3428 Pediani
1211 3358 1479 3427 labores
1519 3355 1849 3427 detexisse
1890 3358 2193 3450 reliquos
2215 3404 2237 3441 ,
2286 3359 2413 3447 qui

483 3522 528 3560 ‚.,
553 3496 796 3560 magno
844 3492 999 3536 cum
1039 3463 1421 3531 litterarum
1460 3464 1875 3535 detrimento
1914 3468 2051 3552 jam
2094 3461 2216 3534 dia
2266 3486 2405 3558 pe·

480 3624 524 3664 „
549 3578 830 3643 rierant.

576 3731 622 3770 „
644 3685 682 3749 J
687 3704 792 3748 am
825 3700 947 3767 ego
983 3680 1232 3768 quibus
1269 3682 1631 3748 momentis
1664 3680 2001 3750 adductus
2032 3678 2409 3755 Asconiutn

485 3836 531 3877 „
556 3813 664 3855 me
701 3786 776 3852 in
809 3786 1231 3851 ambrosiano
1253 3784 1689 3875 palimpsesto
1714 3787 2052 3855 intrauisse
2078 3784 2405 3865 arbitrer,

483 3944 528 3988 ,‚
553 3893 854 3969 breviter
905 3914 1260 3983 exponam·
1327 3892 1413 3965 Id
1449 3910 1676 3993 autem
1710 3894 2114 3987 priusquam
2148 3888 2403 3975 adgre-

2116 4044 2162 4090 η
2188 3994 2340 4065 dior
2368 4021 2399 4081 ς
