2642 4725
615 407 716 476 M.
782 403 1186 473 runnu
1257 385 1901 484 emenonis.
2011 381 2200 494 ἃδε

359 589 504 659 Sed
553 587 945 658 Macrobius
995 588 1122 654 etsi
1173 593 1617 678 peregrinus,
1680 595 1821 665 sivo
1864 603 2197 672 Christia-

245 717 426 782 nus,
470 697 618 766 sive
647 695 981 762 Ethnicus
1024 695 1272 776 fuerit,
1315 695 1393 760 in
1430 696 1628 762 libris
1661 699 1795 770 suis
1832 727 1941 773 res
1986 726 2177 777 trac..

261 817 406 884 tat,
449 825 630 896 quae
677 801 940 888 egregie
984 800 1310 870 Veterum
1336 801 1787 893 ,philologiam
1830 826 1899 878 et
1938 813 2178 902 Philo...

207 908 570 1006 'sophiam
639 905 1006 976 illustrant.
1093 909 1575 1010 conviviorum
1649 911 2185 990 saturnaliorum

249 1010 456 1079 Libri
499 1011 638 1082 vn
701 1009 1288 1103 complectuntur,
1352 1015 1542 1085 haud
1597 1021 1936 1087 minusne
1978 1019 2189 1090 Gellii

249 1117 506 1186 Noctes
535 1167 558 1204 ,
625 1141 736 1186 res
807 1117 1290 1190 diversissimas
1315 1169 1342 1210 ‚
1413 1149 1587 1216 quae
1653 1141 1880 1193 tamen
1954 1151 2187 1197 omnes

217 1255 223 1262 ·
263 1247 458 1290 suum
498 1223 806 1314 sing-ulae
851 1228 1218 1298 conserunt
1267 1227 1355 1298 ad
1391 1232 1721 1303 Veterum
1771 1231 2186 1322 scriptorum

258 1325 808 1416 intelligentiam.
919 1331 1100 1400 Sunt
1163 1337 1286 1426 qui
1347 1349 1637 1428 putent,
1706 1337 2181 1404 Macrobia'nos

265 1433 801 1504 Commentarios
843 1437 919 1506 in
966 1441 1316 1510 Somnium
1360 1439 1707 1528 Scipionis
1739 1461 1881 1506 esse
1921 1459 2185 1536 partem

262 1543 802 1614 Saturnaliorum
821 1591 844 1626 ‚
885 1567 1251 1638 perperam
1284 1541 1371 1611 ab
1406 1541 1543 1610 illis
1578 1541 1928 1613 divulsam.
1996 1549 2183 1637 Opi-

261 1665 464 1716 natur
511 1650 617 1716 sic
677 1648 996 1716 Barthins
1047 1649 1136 1718 ad
1187 1647 1550 1718 Claudian.
1612 1673 1687 1739 p.
1726 1654 1874 1742 918.
1920 1666 1992 1718 et
2035 1675 2186 1742 79¹·

257 1756 380 1823 ubi
429 1771 676 1824 narrat
717 1781 790 1826 se
833 1758 910 1825 in
956 1757 1369 1826 membranis
1406 1781 1611 1838 manu
1662 1759 1951 1826 exaratis
1996 1760 2183 1825 a'nti'-

261 1864 604 1956 quissimis
655 1861 836 1928 hanc
877 1863 1214 1932 invenisse
1259 1861 1819 1955 inscriptionems
1883 1863 2185 1932 Macro-

256 1970 360 2038 bii
397 1969 794 2040 Theodosii
832 1970 1008 2040 Vin·
1053 1967 1471 2041 Consuk'zris
1510 1979 1584 2034 et
1618 1965 1942 2039 Illustris
1984 1973 2189 2042 Com·

257 2079 784 2146 mentm-ionem
848 2081 1112 2146 tertiae
1164 2079 1318 2144 diez·
1367 2075 1952 2146 Satur-nolierunt
2007 2081 2185 2147 liber

240 2186 536 2272 primus
581 2183 868 2270 incipit.
919 2181 1188 2250 Exinde
1219 2180 1509 2267 conjicit
1532 2179 1875 2260 Bar-thius,
1902 2181 2175 2248 Macro-

255 2287 448 2355 bium
493 2309 638 2355 non
675 2287 748 2354 in
784 2286 998 2356 libros
1041 2312 1210 2385 opus
1250 2283 1667 2354 illud‘suum
1728 2281 1849 2352 sed
1910 2285 1985 2350 in
2036 2283 2179 2351 dies

261 2394 684 2463 distribuisse
713 2423 736 2465 ι
805 2392 1225 2483 singulorum
1301 2410 1526 2461 autem
1595 2392 1861 2459 dierum
1943 2414 2180 2483 operas

261 2500 526 2593 aliquot
577 2494 772 2567 libris
822 2498 1260 2585 distinxisse,
1305 2494 1599 2593 quorum
1658 2498 1939 2567 tertium
1980 2520 2183 2565 oecu-

255 2610 492 2703 parint
529 2607 605 2673 hi
637 2604 724 2673 de
753 2604 1032 2674 Somnio
1061 2606 1404 2695 Scipionis
1444 2606 1951 2677 commentarii.
1996 2602 2176 2684 Sed,
2246 2678 2263 2696 ο

261 2735 374 2786 aut
423 2739 552 2805 ego
609 2710 855 2796 fallor,
905 2729 1020 2779 aut
1061 2714 1379 2783 Barthins
1442 2714 1724 2781 nimium
1766 2714 2183 2779 auctoritatis

259 2823 498 2891 tribuit
558 2820 762 2885 unius
823 2814 1096 2885 Codicis
1147 2820 1507 2912 scriptioni
1565 2835 1635 2887 et
1686 2838 1826 2883 non
1884 2816 2186 2883 attendit

259 2928 342 2997 ad
387 2924 824 3011 Dialogorum
865 2920 1150 2991 formam
1175 2974 1196 3009 ,
1243 2932 1379 3020 qua
1430 2920 1971 2995 saturnaliorum
2019 2922 2187 2990 libri

272 3030 584 3127 concepti
637 3045 846 3111 sunt3
891 3028 966 3095 in
999 3027 1110 3099 his
1153 3036 1337 3101 enim
1382 3036 1565 3101 inter
1610 3054 1679 3097 se
1721 3029 2185 3122 colloquentes

265 3139 688 3207 inducuntur
723 3136 948 3219 amici,
986 3139 1108 3228 qui
1145 3134 1232 3202 ad
1269 3140 1651 3209 convivium
1682 3156 2136 3205 convenerant
2160 3187 2186 3223 ‚

267 3247 540 3315 vectius
583 3244 1088 3324 Praetextatus,
1129 3264 1252 3309 rex
1285 3266 1595 3325 mensae,
1640 3239 2039 3321 Flavianus,
2075 3244 2175 3331 Q.

269 3351 526 3419 Aurelii
567 3346 956 3441 Symmachi
995 3346 1249 3430 frater,
1295 3346 1734 3439 Symmachus
1777 3344 1965 3436 ipse,
2012 3348 2201 3432 Cae--¹

269 3457 460 3522 cinna
521 3456 772 3521 Decius
827 3452 1120 3521 Albinus
1149 3502 1172 3537 ,
1231 3454 1477 3523 Furius
1546 3454 1883 3533 Albinus,
1948 3452 2185 3522 Eusta-
2308 3492 2315 3499 ·

263 3556 444 3625 «thius
469 3606 496 3643 ,
562 3560 1013 3653 Nicomachus
1087 3550 1439 3643 Avienus,
1505 3554 1869 3628 admodum
1950 3556 2179 3627 adhuc

271 3662 654 3731 adolescens
675 3714 696 3749 ,
763 3666 1136 3755 Evangelus
1166 3686 1220 3751 ,·
1255 3668 1588 3736 Eusebius
1643 3662 1903 3732 Rhetor
1927 3714 1949 3749 ,
1995 3668 2187 3733 Disa-

271 3770 410 3835 rius
477 3768 792 3839 Medicus
817 3820 839 3855 ,
907 3773 1134 3841 Herus
1199 3789 1270 3842 et
1334 3770 1605 3843 Servius
1672 3772 2183 3843 Grammaticus.

273 3872 452 3943 Fieri
499 3891 768 3969 potest,
799 3894 876 3947 ut
919 3875 1006 3948 de
1056 3878 1256 3948 tertio
1291 3895 1362 3947 et
1406 3894 1651 3969 quarto
1683 3880 1909 3964 libro,
1956 3876 2189 3969 quales

1303 3984 1371 4055 X
1412 3990 1453 4057 3
1867 4060 1873 4068 ,
2052 3989 2185 4059 ho·-
