2642 4725
507 444 518 451 ’
587 442 1204 521 SCRIPTORUM
1271 438 1860 515 L'ATINORUM.
2108 450 2189 518 13

251 636 560 703 :tinctus
631 650 808 707 esset
863 635 1322 701 Romanarum
1372 630 1729 699 literarum
1778 633 1968 720 vigor
1988 678 2013 714 ,
2059 628 2199 698 hoe

99 748 124 763 ⁸
261 756 496 807 tamen
525 762 612 807 ex
648 740 752 805 rei
797 752 1044 807 natura
1065 736 1339 805 videtur
1370 762 1513 807 esse
1552 742 2003 821 verissimum,
2042 738 2189 805 Ro·-

244 866 501 911 manos
549 866 680 931 ma]
688 865 910 917 orum
963 866 1242 913 suorum
1306 845 1568 935 scripta
1608 866 1747 911 non
1808 844 2003 936 prius
2065 866 2197 933 per

251 950 804 1021 Commentarios
855 949 1067 1028 fuisse
1113 954 1685 1046 interpretaturos
1720 996 1745 1033 ,
1806 972 2011 1039 quam
2069 946 2197 1015 ubi

243 1056 430 1127 haec
477 1059 630 1129 fere
683 1054 973 1141 intelligi
1029 1055 1427 1129 desiissente
1503 1060 1626 1127 ubi
1680 1058 1869 1125 enim
1929 1055 2195 1143 scripta

249 1165 772 1254 intelligantur,
817 1168 946 1257 qui
991 1166 1080 1233 sit
1125 1164 1314 1237 locus
1376 1161 1983 1259 interpretationia‘,
2042 1160 2189 1227 Le-

255 1273 492 1360 gimus
543 1268 822 1363 quidem
845 1272 1031 1367 apud
1057 1272 1341 1343 Sueton.
1367 1273 1457 1341 de
1472 1268 1975 1337 Illustrfiram.
2003 1287 2063 1331 c.
2087 1266 2195 1333 16.

279 1381 380 1463 Q.
443 1378 826 1447 Caecilimn
889 1382 1270 1467 aperuisse
1334 1380 1687 1458 scholam,
1746 1374 2199 1461 primumque

257 1484 584 1573 Virgilii
589 1496 666 1551 et
690 1474 1400 1575 aliorumpoe'taram
1426 1480 1757 1549 carmina
1768 1478 2199 1567 praelegere
2220 1499 2235 1513 *⁴

249 1592 582 1678 coepisse
605 1588 1189 1676 adolescentulis,
1221 1588 1345 1659 sed
1372 1590 1527 1682 quis
1548 1603 1801 1677 quaeso
1822 1585 1921 1653 ita
1933 1584 2195 1654 Roma·-

255 1716 354 1759 ιιι
393 1710 704 1783 tempora
741 1690 830 1759 ad
863 1710 1098 1761 nostra
1130 1694 1563 1781 dimetiatur,
1594 1712 1687 1763 -ut
1716 1710 1971 1763 statuat
2008 1692 2195 1761 Cae-

257 1798 502 1867 cilium
539 1801 829 1867 istorum
880 1808 1246 1887 poetarum
1297 1803 1603 1871 carmina
1640 1806 1738 1871 ita
1782 1800 2199 1895 praelegisse

254 1924 342 1974 ut
383 1906 682 1977 subinde
727 1910 878 1996 ipsa
919 1904 1335 1998 explicaret,
1378 1906 1487 1975 vel
1528 1906 1827 1975 dictaret
1870 1907 2073 1975 etiam
2114 1908 2197 1976 in

251 2036 631 2105 puerorum
689 2006 892 2080 usum
958 2004 1575 2081 animadversiones
1638 2015 1725 2083 ad
1788 2013 1943 2083 loca
2014 2040 2193 2110 quae

169 2136 186 2149 ·
253 2116 620 2185 intellectu
651 2115 1037 2185 difficiliora
1069 2134 1297 2187 essent
1334 2137 1403 2187 et
1444 2122 1545 2189 sic
1574 2126 1909 2193 exstitisse
1948 2124 2179 2195 Scho-

259 2222 408 2295 lia?
477 2225 826 2316 Equidem
862 2226 1168 2293 Romana
1209 2238 1517 2315 tempora
1556 2251 1697 2297 non
1748 2232 1845 2300 ita
1882 2233 1973 2298 ad
2015 2254 2187 2299 nos-

261 2334 360 2400 tri
434 2334 761 2422 temporis
843 2356 1104 2402 morem
1166 2354 1577 2422 componam
1602 2380 1626 2418 ,
1695 2360 1927 2429 neque
1986 2335 2195 2406 velim

261 2440 686 2510 contendere
741 2438 1276 2508 Scholiastarum
1317 2437 1831 2517 lucubrationes
1890 2467 1929 2512 e
1978 2439 2193 2510 scho-

251 2547 488 2616 larum
557 2546 842 2638 pulvere
905 2545 1250 2636 profectas
1332 2569 1497 2615 esse.
1638 2546 1781 2618 Sed
1860 2547 2191 2635 originem

249 2651 796 2724 Scholiastarum
863 2655 1268 2740 investigare
1285 2699 1308 2737 ,
1382 2666 1500 2720 aut
1564 2675 1691 2740 ego
1754 2651 1955 2722 fallor
1982 2699 2005 2739 ,
2076 2667 2193 2720 aut

243 2758 398 2826 fere
421 2758 620 2826 idem
653 2775 759 2826 est
795 2775 1004 2852 atque
1051 2759 1411 2849 inquirere
1430 2805 1457 2843 ,
1508 2783 1650 2853 quo
1695 2775 2006 2851 tempore
2036 2759 2189 2827 Ro-

245 2867 442 2932 mani
507 2865 854 2952 Majorum
925 2887 1202 2932 suorum
1267 2864 1527 2960 scripta
1594 2865 1979 2954 intelligere
2050 2863 2210 2946 de·-

247 2971 503 3037 sierint
521 2997 545 3038 ε
605 2973 729 3039 ubi
775 2972 950 3039 haec
1003 2969 1189 3037 enim
1234 2969 1381 3038 fere
1420 2969 1713 3058 intelligi
1782 2971 2189 3054 desiissent,

249 3091 408 3140 tum
447 3072 766 3161 demum,
829 3101 964 3146 nec
996 3100 1162 3147 vero
1200 3082 1395 3171 prius
1414 3127 1437 3164 ,
1482 3102 1591 3146 res
1635 3079 1787 3169 ipsa
1832 3074 2139 3144 declarat
2164 3123 2191 3159 ,

249 3180 798 3250 Commentarios
839 3186 978 3256 sive
1033 3185 1638 3274 interpretationes
1682 3209 1723 3250 a
1766 3179 1987 3252 doctis
2038 3182 2189 3250 Ro-

247 3287 470 3353 manis
513 3289 730 3356 scribi
771 3293 1096 3383 coepisse.

343 3393 616 3481 Quibus
659 3397 872 3481 igitur
918 3399 1343 3493 temporibus
1386 3399 1853 3467 Romanorum
1910 3395 2145 3464 civitas
2166 3434 2193 3471 ,
2294 3389 2304 3397 ’

253 3522 436 3590 quae
473 3523 603 3592 per
649 3499 914 3594 aliquot
941 3507 1173 3598 priora
1209 3503 1438 3572 secula
1492 3503 1990 3602 consuetudine
2028 3502 2189 3573 bel-

248 3603 451 3670 laudi
493 3606 838 3678 bonarum
870 3615 1119 3682 artium
1151 3611 1347 3680 rudis
1382 3627 1453 3678 et
1485 3609 1632 3678 fere
1666 3611 1955 3678 barbara
1989 3637 2193 3682 man·-

251 3725 480 3792 serat,
543 3711 903 3801 paullatim
954 3719 1286 3810 coepisset
1340 3715 1746 3784 liberalibus
1808 3716 2193 3812 disciplinis
2324 3767 2331 3776 -

253 3837 502 3883 vacare
526 3863 550 3897 ‚
597 3823 976 3890 communis
1035 3823 1284 3892 civium
1327 3821 1563 3908 lingua
1616 3821 1909 3892 multum
1956 3850 2194 3895 reces-

253 3921 350 3986 sit
381 3920 482 3990 ab.
511 3922 772 4023 inculta
809 3925 926 3998 illa
949 3977 974 4011 ‚
1017 3927 1449 3999 balbutiente
1490 3947 1560 3997 et
1598 3930 1917 3998 barbara.
2002 3933 2199 4002 Fecit

261 4029 404 4096 hoc
465 4046 544 4099 ut
601 4055 759 4106 mox
819 4033 1286 4123 antiquissima
1313 4083 1337 4116 ,
1381 4060 1557 4126 quae
1598 4061 1683 4105 ex
1748 4037 1879 4106 ista
1930 4036 2200 4126 linguae

1278 4145 1329 4209 B
1376 4147 1417 4214 5
1986 4147 2201 4218 ,har-
2340 4241 2351 4251 ι
