2642 4725
431 438 510 489 ι,
667 414 790 485 DE
859 410 1312 507 ANT1Qms
1377 391 2109 485 m‘rERPRErmus

422 622 540 669 rus
562 646 582 683 ,
649 599 748 667 Μ.
797 596 1066 667 Tullius
1119 599 1366 668 Cicero
1392 650 1413 685 ‚
1476 599 1763 689 Crispus
1814 594 2168 668 Sallustius
2190 642 2211 679 ,
2276 594 2387 663 C.

429 706 709 775 Helvius
769 706 996 773 Cinna
1017 754 1038 789 ,
1096 706 1174 771 P.
1213 702 1579 791 Virgilius,
1625 706 1718 795 Q.
1756 706 2071 775 Horatius
2094 754 2117 789 ‚
2164 706 2389 775 Cae-

427 838 538 881 aar
571 814 1020 882 Germanicus
1043 860 1068 895 ,
1111 812 1386 881 Seneca-
1416 815 1742 900 tragicus,
1788 818 2103 884 Lucanus
2124 859 2143 895 ,
2190 812 2403 879 Per-

432 923 566 989 aias
591 970 613 1006 ,
657 921 982 1011 Papinius
1025 920 1276 985 Statius
1305 967 1327 1002 ,
1370 917 1743 1006 luvenalis,
1796 920 1981 991 Flav.
2026 917 2396 987 Avianus.

447 1083 455 1094 .
518 1030 717 1095 Hanc
755 1027 832 1092 in
881 1048 1052 1091 rem.
1073 1027 1305 1117 itaque
1356 1028 1883 1095 Scholiastamm
1940 1050 2150 1119 opera
2184 1022 2393 1091 dili-

435 1138 676 1221 genter
715 1146 924 1199 erunt
977 1129 1264 1217 legenda
1283 1181 1306 1217 ,
1352 1150 1430 1201 ut
1475 1151 1742 1202 constet
1768 1132 1971 1226 quale
2010 1128 2393 1221 'judicium

439 1237 612 1305 ferri
657 1250 969 1326 oporteat
1011 1232 1098 1301 de
1151 1235 1570 1323 singulorum
1601 1239 1968 1325 doctrina3
2019 1257 2163 1308 tum
2202 1259 2389 1308 stu·-

435 1346 623 1413 diose
661 1339 1045 1428 colligenda
1073 1358 1276 1409 erunt
1297 1391 1318 1425 ‚
1352 1342 1459 1413 vel
1485 1343 1817 1431 levissima
1845 1343 2101 1417 indicia
2121 1398 2143 1435 ,
2190 1374 2395 1442 quae

437 1454 574 1546 ipsi
609 1450 728 1517 bie
785 1445 929 1515 illie
986 1446 1156 1514 dant
1208 1448 1295 1513 de
1343 1472 1461 1517 sua
1518 1468 1735 1521 aetate
1756 1502 1779 1538 ,
1823 1455 2049 1546 patria
2080 1474 2153 1524 et
2191 1456 2391 1523 reli-

437 1568 681 1655 gion03
729 1580 801 1629 et
852 1552 981 1623 alia
1021 1578 1320 1647 ,qupque
1357 1559 1651 1627 subinde
1670 1608 1693 1645 ,
1734 1584 1870 1651 pro
1904 1566 2090 1633 varia
2136 1588 2393 1631 rerum

445 1669 842 1739 conditione
863 1712 884 1748 ‚
928 1684 1104 1752 quae
1169 1680 1414 1731 notatu.
1458 1664 1667 1755 digna
1722 1664 2143 1739 videbuntur
2160 1717 2182 1751 ,
2228 1692 2389 1737 non

439 1775 652 1847 nihili
701 1771 1049 1853 dpoemus.
1132 1769 1228 1835 Et
1293 1772 1391 1837 sie
1435 1775 1717 1863 quidem
1760 1776 1863 1844 ibi
1904 1779 2335 1847 versabimur
2360 1824 2387 1863 ,
2490 1822 2493 1829 -

443 1884 569 1949 ubi
610 1870 1098 1976 exponendum
1143 1875 1275 1943 erit
1321 1874 1416 1947 de
1464 1880 1860 1970 hujusmodi
1918 1882 2321 1951 Scholiastis
2358 1930 2385 1967 ,

444 2010 743 2081 quorum
777 2002 982 2072 opera
1011 1998 1423 2071 supersuntg
1472 1988 1593 2053 ubi
1644 2011 1807 2057 vero
1835 2005 2071 2076 agetur
2114 1988 2253 2054 de
2232 1988 2321 2055 1is
2346 2032 2379 2073 ,
2406 2010 2419 2015 ·

447 2114 744 2187 quorum
783 2085 1292 2159 lucubrationes
1340 2090 1607 2163 incuria
1652 2110 2038 2190 temporum
2072 2092 2381 2161 interie-

439 2218 611 2271 runt
635 2246 662 2283 ‚
739 2189 1125 2277 colligemus
1205 2193 1537 2263 Veterum
1612 2202 1923 2290 ipsorum
1942 2247 1964 2284 ,
2025 2225 2063 2266 a
2120 2200 2380 2289 quibus

438 2304 564 2374 illi
577 2316 1039 2374 memorentur
1058 2348 1077 2383 ,
1143 2298 1437 2389 judieia3
1487 2323 1635 2374 tum
1682 2330 1959 2400 quoque
1995 2305 2377 2374 exhibebi-

439 2437 632 2499 mus,
676 2425 1020 2503 quotquot
1071 2406 1369 2473 inveniri
1438 2416 1839 2502 potuerint,
1896 2417 2205 2506 ipsorum
2253 2414 2379 2480 lu·

443 2521 927 2591 cuhrationum
987 2513 1425 2598 fragmenta·
1490 2545 1629 2611 quo
1691 2521 1875 2589 facto
1912 2567 1935 2605 ,
2001 2522 2133 2587 etsi
2195 2519 2379 2588 forte

437 2628 652 2722 paulo
683 2622 1046 2702 audacius,
1091 2617 1339 2714 aliqup
1356 2624 1594 2693 saltem
1640 2628 1849 2698 modo
1898 2628 2199 2718 judicari
2236 2653 2383 2723 po·-

449 2740 614 2809 terit
635 2785 658 2821 ,
703 2730 934 2828 qualia
967 2725 1086 2795 illa
1119 2727 1387 2817 integra
1422 2729 1680 2803 fuerint
1710 2759 1941 2834 opera.

535 2955 769 3022 Erunt
801 2959 1082 3032 fortasse
1109 3016 1129 3050 ,
1179 2959 1300 3052 qui
1340 2956 1461 3023 bie
1506 2955 1805 3025 indicari
1853 2955 2136 3045 cupiant
2178 2971 2386 3042 quae-

447 3082 611 3129 nam
651 3061 860 3129 fuerit
919 3066 1456 3139 Scholiastarum
1504 3059 1696 3152 origo
1758 3077 1830 3128 et
1882 3056 2101 3151 qualis
2150 3057 2242 3124 sit
2278 3054 2391 3142 ip·

445 3193 680 3238 sorum
711 3170 1288 3245 denominationis
1338 3174 1552 3258 ratic,
1601 3171 1721 3263 qui
1762 3165 1971 3236 modo
2004 3162 2377 3230 Scholias-

447 3265 606 3346 ταί
651 3296 984 3348 vocentur
1021 3333 1040 3368 ,
1130 3283 1341 3353 modo
1424 3283 2039 3352 commentatores
2083 3320 2107 3348 .
2180 3264 2385 3335 modo

451 3383 946 3460 Euan-ratores
985 3442 1007 3477 ,
1099 3394 1306 3463 modo
1403 3390 1878 3475 Interpreteo.
2000 3379 2385 3464 Utramque

455 3496 923 3582 quaestionem
951 3499 1302 3593 deinceps·
1315 3515 1689 3584 tangemus·

443 3583 455 3598 ⁸
543 3599 638 3666 Et
685 3603 874 3688 origo
923 3603 1202 3693 quidem
1263 3602 1845 3674 Scholiastarum',
1890 3589 2109 3692 qualis
2152 3585 2383 3667 fuerit,

457 3727 605 3774 non
665 3709 761 3775 ita
812 3707 1014 3776 facile
1073 3729 1174 3778 est
1209 3713 1547 3780 in‘dieare.
1634 3711 1834 3776 Licet
1872 3700 2057 3767 enim
2092 3697 2381 3788 Perver‘

461 3839 534 3882 sa
569 3817 802 3906 opinio
833 3820 959 3896 sit,
997 3819 1335 3887 Romanos
1376 3841 1458 3887 eo
1494 3813 1769 3883 demum
1795 3825 2102 3900 tempore
2128 3799 2384 3868 Gram-

466 3925 751 3993 maticae
819 3927 1051 3998 studio
1120 3947 1397 4017 operam
1476 3943 1795 4002 navasse,
1856 3937 1997 4007 quo
2065 3913 2209 4001 jam-
2268 3928 2385 3970 ex·-

2164 4012 2379 4082 stine-
