2642 4725
695 464 1615 543 Llo.x11wA8.
1736 511 1741 526 ·
1856 494 1864 507 ·
2042 464 2131 551 33

929 744 1088 829 ‘5-
1179 762 1284 812 ιο.

766 948 1093 1063 Ateius
1165 956 1527 1045 Capito.

279 1204 361 1272 C.
399 1204 634 1291 Ateius
667 1198 924 1289 Capito
944 1246 966 1281 ,
1009 1220 1151 1265 non
1193 1144 1625 1288 spernendus
1650 1199 1936 1287 Augusti
1970 1206 2118 1276 aevi

206 1310 410 1377 scm
448 1356 473 1391 ,
533 1304 732 1372 Ofilii
805 1298 1080 1369 auditor
1109 1352 1132 1387 ,
1197 1320 1435 1373 utrum
1516 1306 1765 1375 merito
1839 1306 2115 1376 haben·-
2224 1378 2231 1386 ,

207 1410 334 1479 dus
393 1410 478 1477 sit
532 1410 967 1500 antiquorum
1026 1409 1488 1509 interpretum
1544 1422 1835 1482 numero
1860 1460 1882 1494 ,
1936 1430 2122 1503 per-³

210 1543 402 1613 quam
453 1515 798 1586 dubitasse
855 1513 1186 1586 videntur
1259 1516 1773 1603 Gothofredus,
1831 1520 2122 1589 Baebius

202 1642 268 1695 et
301 1624 542 1715 reliqui
579 1623 826 1691 harum
871 1646 1109 1691 rerum
1161 1622 1530 1717 scriptores
1553 1671 1576 1708 ,
1624 1648 1839 1716 quum
1888 1648 2123 1695 omnes

201 1732 375 1818 Ateii
411 1754 660 1800 nomen
709 1731 789 1797 in
851 1730 1310 1825 interpretum
1358 1730 1636 1799 illorum
1697 1754 2113 1799 commemo-

194 1838 442 1907 ratione
490 1838 862 1909 tacuerint.
949 1835 1378 1905 Bertrandus
1444 1860 1609 1909 vero
1660 1840 1749 1909 de
1791 1841 2113 1931 jurispe-

201 1944 312 2012 rit.
363 1944 440 2011 L.
475 1944 567 2013 Π.
641 1966 703 2011 c.
742 1944 856 2013 51.
917 1926 1155 2013 laudat
1215 1946 1405 2033 Ateii
1480 1948 1831 2040 Capitonis
1894 1950 2113 2015 Com-

207 2052 513 2116 mental-ia
545 2046 634 2115 ad
673 2050 886 2137 Leges
944 2052 1076 2121 XII
1115 2048 1583 2139 Tabularum3
1624 2056 1792 2139 sed,
1836 2070 1916 2120 ut
1946 2080 2111 2123 rec-

207 2172 268 2226 te
323 2156 490 2225 vidit
561 2158 690 2225 Ev.
753 2158 924 2222 Otto
986 2157 1062 2223 in
1133 2157 1361 2225 Praef.
1430 2162 1520 2226 Τ.
1567 2160 1966 2229 111.·Thes.
2037 2185 2111 2250 p.

203 2254 508 2333 XXVIII.
569 2284 746 2355 quae
803 2260 1226 2329 Bertrandus
1296 2264 1461 2330 citat
1508 2266 1702 2351 Ateii
1762 2266 2117 2355 Capitonis

202 2369 458 2437 nomine
481 2417 504 2453 ,
562 2386 726 2436 sunt
801 2365 1088 2438 Antistii
1141 2366 1483 2436 Labeonis
1566 2371 2067 2440 commentaria
2095 2419 2121 2454 ,

205 2493 466 2545 auctore
512 2472 754 2542 Genio.
841 2471 1257 2540 Bertrandus
1297 2472 1579 2542 fortasse
1620 2479 1749 2546 sibi
1786 2483 1966 2550 visus
2016 2497 2119 2547 est

203 2584 588 2652 adstruxisse
649 2579 1050 2671 opinionem
1091 2603 1279 2648 suam
1334 2600 1735 2667 argumento
1788 2587 2111 2672 gravissi..

201 2715 340 2780 m03
382 2693 514 2760 hoe
551 2705 779 2757 antem
813 2709 1029 2778 quum
1069 2684 1314 2756 falsum
1352 2713 1493 2757 esse
1531 2691 1934 2783 probaverit
1968 2689 2129 2758 Ot-'

205 2817 306 2886 to,
343 2822 539 2868 nemo
599 2823 744 2866 non
800 2796 1084 2882 Atejum
1131 2789 1336 2858 facile
1390 2793 1829 2886 antiquorum
1872 2799 2107 2864 inter..

197 2925 451 3000 pretum
483 2926 774 2973 numero
813 2897 1159 2970 excludet.
1247 2899 1653 2967 Heineecius
1700 2899 1750 2968 l.
1782 2926 1842 2970 e.
1886 2927 1961 2992 p.
2000 2923 2109 2994 29.

199 3016 493 3107 opinatur
526 3014 813 3098 Atejum
863 3007 1170 3076 fortassis
1223 3009 1360 3076 XII
1406 3005 1705 3075 Tabulas
1746 3011 2059 3098 interpre
2096 3045 2109 3061 ·

201 3139 396 3190 tatum
422 3143 600 3198 esse,
649 3117 916 3208 quippe
951 3118 1146 3202 eujus
1187 3116 1488 3202 mentio,
1536 3117 1721 3210 apud
1764 3117 2108 3198 Plinium,

202 3251 341 3294 eum
375 3223 732 3296 scaevolae
773 3237 844 3288 et
890 3222 974 3288 L.
1016 3219 1199 3290 Aelii
1248 3223 1891 3290 commemoratione
1930 3241 2107 3285 eon-

203 3333 520 3419 jungatur.
631 3329 784 3394 Hoc
857 3343 1084 3393 autem
1149 3351 1354 3420 quam
1411 3327 1557 3395 leve
1620 3327 1707 3391 sit
1772 3321 1981 3390 modo
2035 3323 2111 3390 in

205 3437 376 3504 Ofilii
443 3435 870 3530 expositione
937 3435 1381 3502 ostendimus.
1490 3435 1571 3500 In
1646 3429 1769 3496 illo
1832 3429 2111 3521 quidem

199 3539 383 3610 Plinii
415 3543 572 3610 loeo
631 3545 774 3607 no'n
831 3541 922 3607 L.
959 3545 1230 3610 Aelius
1286 3540 1407 3608 sed
1454 3538 1758 3606 Laelius
1804 3561 2121 3636 comme-0

199 3665 476 3716 moratur
501 3678 524 3717 ε
595 3647 728 3717 hoe
781 3667 1002 3717 autem
1059 3671 1202 3716 non
1271 3643 1471 3716 valde
1520 3641 1904 3732 urgendum
1955 3662 2057 3710 est
2084 3692 2108 3730 ,

195 3775 391 3842 quum
441 3770 636 3820 vetus
687 3752 806 3821 ille
865 3755 1211 3846 interpres
1242 3803 1263 3840 ,
1326 3750 1416 3819 de
1489 3775 1628 3844 quo
1680 3772 1890 3842 supra
1952 3755 2104 3837 egi-
2238 3739 2259 3801 ἰ

197 3883 374 3946 mus,
411 3862 486 3928 in
523 3862 826 3953 antiquis
861 3859 1214 3930 Ciceronis
1253 3857 1672 3928 editionibus
1708 3879 1867 3928 ante
1907 3859 2103 3924 Tur-

199 3967 346 4035 nebi
385 3967 930 4038 emendationem
949 4017 972 4053 ,
1012 3969 1181 4036 item
1231 3985 1587 4038 vocaretur
1635 3969 1940 4038 Laelius
1959 3995 1992 4048 ,-
2041 3985 2114 4035 et

1930 4073 2115 4142 Got-
