2642 4725
433 446 522 543 7⁰
725 443 906 511 car.
952 442 1094 510 xu.
1185 431 1292 503 nr:
1333 430 1611 535 Auno.
1660 432 2054 535 rursum.

440 610 641 703 modo
682 654 759 698 ex
797 600 1092 697 aliorum.
1111 650 1288 717 penu
1329 628 1823 725 depromentes..
1886 618 2121 713 cogita
2164 642 2389 717 qtnm

437 742 633 807 facile
666 739 745 805 sit
765 784 784 815 ‚
823 734 1085 803 scholiis
1123 730 1423 800 scholion
1468 732 1743 809 addere,
1781 740 1860 823 et·
1889 742 2099 821 quam
2133 754 2389 823 parum

439 844 783 915 doctrinae
820 837 1164 929 requirat,⁸
1189 836 1595 905 scholiastae
1642 837 2055 905 laborem'e'x
2092 842 2391 909 aliorum

437 952 948 1021 Scholiastarum
978 944 1312 1015 laboribus
1346 970 1604 1036 augere.
1648 946 1819 1012 Hinc
1856 956 1988 1041 est,
2016 948 2204 1035 quod
2241 950 2393 1017 alia

444 1060 516 1125 in
554 1058 653 1121 his
707 1052 1198 1122 Commentariis
1250 1054 1659 1141 reperiantur
1718 1046 1808 1116 ad
1869 1052 2201 1118 fastidium
2258 1076 2389 1122 usa·

445 1184 578 1251 que
613 1161 932 1250 repetita;
979 1160 1148 1237 alia,
1198 1174 1407 1247 quae,
1458 1162 1689 1250 utpote
1727 1155 1994 1225 aliunde
2030 1161 2333 1229 desumta
2356 1202 2387 1241 5

445 1269 712 1345 omnino
755 1288 892 1331 non
944 1264 1451 1331 accommodata
1512 1264 1639 1329 sint
1684 1264 1745 1329 ei
1790 1264 1984 1345 loeo,
2033 1264 2123 1332 ad
2174 1288 2394 1384 quent

446 1372 740 1463 apposita
775 1380 960 1451 stmt3
1006 1370 1137 1438 alia
1173 1370 1498 1457 denique,
1543 1390 1716 1459 quae
1749 1392 2012 1458 prorsus
2044 1340 2393 1441 contraria

446 1482 572 1546 sint
606 1479 716 1557 iis,
766 1498 940 1565 quae
977 1470 1193 1543 alibi
1173 1500 1240 1541 m
1279 1474 1381 1541 his
1420 1470 1911 1543 Commentariis
1949 1474 2132 1543 dicta
2164 1474 2389 1549 erant}

447 1588 574 1673 Qui
658 1584 894 1651 deinde
973 1581 1174 1649 Servii
1245 1582 1757 1650 Commentarios
1824 1560 2209 1663 edideram
2278 1584 2387 1653 ad

442 1714 646 1760 unum
700 1711 959 1768 omnes,
1005 1688 1210 1777 idque
1247 1690 1317 1753 in
1356 1709 1668 1779 magnum
1708 1690 2231 1785 praestantissimi
2259 1690 2389 1757 la-

445 1798 626 1889 horis
643 1788 1032 1900 damnum,
1076 1814 1200 1883 pro
1265 1810 1567 1882 perverso
1617 1816 1738 1861 suo
1778 1803 1952 1861 nova
1994 1794 2387 1883 proferendi

447 1909 702 1982 furore.
748 1902 954 1989 magis
1007 1884 1240 1967 intenti
1277 1900 1580 1979 fuerumt,
1616 1910 1689 1966 ut
1726 1899 1846 1969 hos
1898 1920 1977 1966 ex
2022 1898 2390 2001 Codieibus

443 1998 890 2115 undequaque
916 2006 1297 2095 conquisitis
1328 2014 1671 2095 augerent,
1702 2025 1907 2107 quam
1938 1999 2010 2073 ut
2040 2030 2158 2085 ea,
2194 2030 2384 2097 quae

445 2122 535 2187 ab
577 2116 786 2183 aliena
828 2136 1026 2179 manu
1066 2112 1365 2201 profecta
1402 2132 1533 2179 esse
1572 2112 2005 2191 videbantur,
2030 2111 2383 2201 ejicerent.

445 2212 555 2295 Sic
581 2226 810 2318 itaque
844 2222 1094 2287 factum
1133 2227 1263 2296 est,
1302 2226 1377 2283 ut
1414 2203 1615 2284 Servii
1652 2216 1888 2297 labor,
1930 2218 2194 2307 qualem
2220 2214 2385 2291 eum

442 2356 620 2417 nune
658 2326 1005 2406 habemus,
1052 2343 1249 2392 onere
1284 2342 1403 2394 suo
1438 2324 1571 2392 fere
1598 2322 1876 2393 laboret.
1964 2322 2100 2394 Nec
2136 2328 2385 2397 mirum

442 2425 779 2512 videatur,
826 2435 878 2498 si
921 2430 1147 2497 dixero
1183 2431 1387 2498 Servii
1430 2422 1977 2499 commentarium
2000 2479 2019 2509 ,
2064 2443 2213 2520 post
2264 2435 2379 2502 iti-

440 2545 690 2632 {arctos
747 2562 818 2628 ιιι
879 2539 1088 2625 ipsum
1156 2531 1226 2600 et'
1278 2535 1513 2605 Isidori
1537 2585 1555 2612 ‚
1624 2536 1864 2604 Lutatii
1885 2586 1902 2616 ‚
1963 2538 2384 2628 aliorumque

443 2647 951 2716 Scholiastarum
991 2640 1322 2708 thesauros
1343 2691 1359 2720 ‚
1419 2651 1484 2708 et
1540 2645 1807 2710 insertas
1864 2645 2385 2734 magistellorum

443 2773 688 2840 nugas,
745 2771 922 2814 nune
985 2747 1253 2812 fortasse
1307 2748 1515 2836 duplo
1553 2749 1868 2838 majorem
1930 2773 2105 2828 esse,
2168 2775 2386 2840 quam

445 2861 710 2952 qualem
753 2875 792 2920 a
837 2853 1058 2920 Servio
1097 2846 1407 2940 seriptum'
1452 2854 1640 2921 fuisse
1683 2859 2041 2924 verosimile
2081 2867 2229 2924 est.‘

527 3073 621 3136 De
657 3067 861 3160 Servii
906 3067 1103 3155 igitur
1140 3067 1442 3133 doctrina
1482 3067 1533 3131 si
1575 3067 1721 3153 quis
1748 3066 2057 3156 judicare
2092 3069 2245 3141 velit
2292 3093 2385 3140 ex

444 3175 934 3252 Commentariis
958 3219 974 3250 ,
1025 3173 1250 3260 quales
1305 3175 1351 3237 ii
1396 3195 1578 3239 nune
1634 3184 1779 3238 sunt
1800 3222 1818 3253 ,
1866 3177 2229 3262 periculum
2275 3185 2385 3248 est

443 3313 525 3356 ne
558 3284 801 3354 nubem
837 3301 960 3368 pro
985 3279 1262 3362 Junone‘
1282 3281 1739 3366 amplectatur.
1812 3279 2075 3368 Majoris
2106 3293 2321 3350 autem
2348 3335 2377 3366 ,

441 3372 586 3462 mea
622 3390 895 3478 quidem
941 3385 1248 3472 opinione
1269 3433 1286 3462 ,
1342 3385 1812 3485 aestimandum
1852 3398 1946 3452 est
1990 3387 2319 3478 judicium
2348 3441 2379 3474 ,

439 3501 626 3592 quod
671 3495 873 3594 Servii
930 3493 1234 3578 aequales
1293 3490 1379 3556 de
1439 3493 1577 3577 ipsa
1622 3493 1973 3560 tulerunt.·
2024 3499 2105 3563 Hi
2146 3509 2377 3568 autem

363 3647 376 3676 ι
439 3609 620 3698 quali
660 3603 909 3668 honore
976 3599 1264 3666 Servium
1316 3595 1701 3694 habuerint,
1765 3599 2007 3687 optime
2055 3614 2233 3690 patet
2288 3629 2377 3672 ex

443 3710 754 3782 Macrobii
819 3727 1013 3793 opere
1044 3753 1060 3782 ,
1133 3707 1238 3770 eui
1305 3701 1790 3770 Saturnalium
1852 3729 2093 3775 nomen
2132 3710 2375 3788 dedit.
2458 3765 2467 3772 ,

439 3821 514 3886 ln
547 3819 655 3882 his
699 3814 874 3879 libris
915 3815 1080 3876 inter
1111 3833 1176 3876 se
1213 3809 1658 3895 colloquentes
1696 3811 2093 3886 inducuntur
2128 3819 2368 3898 amici,

437 3925 552 4010 qui
577 3921 686 4002 ,ad
729 3919 1094 3986 convivium
1137 3926 1573 3983 convenerant
1594 3963 1611 3994 ‚
1662 3914 1927 3986 Vectius
1990 3919 2375 3993 Praetexta-

2216 4040 2322 4096 ω*
2338 4078 2365 4107 0
