2642 4725
409 426 449 473 ιι
661 405 784 472 DE
827 400 1279 492 ANTIQUIS
1324 399 2065 477 INTERPRE'I'IBUS

435 606 674 681 petere
713 590 956 681 possit,
1001 613 1206 683 quam
1233 614 1320 659 ex
1371 586 1675 677 antiquis
1712 598 2369 667 commentariorum

426 694 738 785 reliquiis
765 742 786 777 ,
835 696 956 787 qui
993 698 1375 789 conscripsi
1421 710 1583 762 sunt
1626 695 1712 761 ab
1754 695 2147 770 hominibus
2168 752 2189 787 ,
2236 706 2369 795 qui

430 799 544 869 vel
603 803 912 895 ipsorum
967 804 1301 872 Veterum
1360 828 1525 873 aevo
1587 804 1909 872 vixerunt
1959 808 2070 878 vel
2129 836 2377 883 aevum

427 907 606 975 illud
647 927 864 979 aetate
909 936 1028 979 sua
1059 915 1371 1005 proxime
1403 911 1797 999 attigerunt.

521 1018 769 1085 Causas
817 1018 1164 1107 neglectae
1224 1019 1881 1087 commemorationis
1938 989 2387 1113 investiganti

433 1121 638 1191 facile
674 1125 1072 1215 perspicere
1099 1123 1286 1196 licet.
1376 1123 1683 1195 Primum
1718 1128 1940 1194 enim·
1990 1148 2169 1197 aetas
2214 1156 2383 1199 om—

431 1233 624 1299 nium
713 1232 860 1305 fere
945 1235 1391 1339 antiquorum
1482 1232 1947 1323 interpretum
1978 1278 2003 1321 ,
2082 1258 2389 1328 qnorum

427 1338 704 1433 ,quippe
747 1340 1066 1435 plerique
1126 1364 1212 1407 ex
1270 1363 1353 1406 eo
1390 1340 1532 1407 sint
1590 1364 1757 1409 aevo
1804 1358 1885 1406 ut
1931 1367 1970 1407 a
2006 1344 2387 1413 Veteribus

432 1453 614 1541 ipsis
647 1450 1007 1519 memorari
1043 1470 1188 1511 non
1217 1446 1577 1537 potuerint
1601 1494 1621 1529 ,
1668 1444 1877 1535 plane
1907 1444 2197 1516 obscura
2238 1463 2391 1532 est,

433 1581 566 1624 nec
604 1554 882 1623 aliunde
929 1551 1413 1623 constituenda
1458 1576 1667 1643 quam
1700 1576 1785 1619 ex
1815 1550 2171 1623 levissimis
2214 1556 2390 1643 qui-

441 1660 738 1729 busdam
785 1659 1064 1727 indiciis
1095 1708 1116 1745 ,
1189 1684 1369 1753 quae
1430 1662 1567 1751 ipsi
1603 1708 1627 1743 ,
1691 1657 1819 1725 etsi
1868 1664 2249 1747 rarissime,
2310 1663 2397 1728 in

442 1768 579 1833 suis
631 1765 1190 1835 annotationibus
1231 1770 1587 1854 injiciunt.
1674 1764 1948 1835 Deinde
1988 1766 2395 1857 plerorum-

449 1892 586 1961 que
639 1867 1004 1953 doctrina,
1053 1872 1271 1963 qualis
1321 1872 1531 1939 fuerit
1559 1920 1584 1957 ‚
1650 1898 1865 1966 quum
1924 1872 2145 1938 aliena
2192 1866 2403 1941 tosti-

445 1978 674 2075 monia
710 1972 1238 2060 desiderentur,
1287 1976 1475 2045 baud
1512 1979 1797 2049 aliunde
1830 1992 2063 2071 potest
2086 1974 2409 2065 cog-nosci

453 2112 661 2183 qnam
708 2109 791 2152 ex
837 2084 1004 2175 ipsis
1045 2082 1609 2155 lucubrationum
1645 2086 1985 2179 reliqui83
2037 2103 2253 2171 quae,
2296 2078 2405 2163 si,

450 2185 685 2291 quales
753 2194 840 2260 ab
893 2194 975 2259 iis
1040 2192 1473 2281 conscriptae
1522 2213 1733 2280 sunt,
1804 2192 1972 2261 tales
2028 2189 2409 2254 etiamnum

454 2319 808 2374 exstarent
833 2352 857 2390 ,
903 2298 1106 2369 facile
1155 2299 1533 2390 suspicioni
1572 2317 1645 2369 et
1704 2300 2144 2387 conjecturae
2192 2312 2407 2359 occa-

452 2413 714 2478 sionem
786 2409 1201 2502 praeberent
1237 2435 1259 2474 t
1332 2408 1454 2475 sed
1518 2408 1781 2479 accidit
1846 2405 1956 2474 his
2038 2400 2359 2470 omnibns
2383 2444 2415 2484 9

461 2530 806 2610 quotquot
877 2529 1252 2604 supersunt
1283 2561 1308 2600 ‚
1372 2515 1507 2584 hoc
1568 2515 1827 2584 malum
1854 2561 1875 2598 ‚
1940 2527 2022 2578 ut
2080 2533 2167 2576 ex
2230 2509 2415 2594 notis

457 2613 925 2710 interpretum
975 2705 980 2714 .
1035 2618 1345 2688 diversae
1468 2624 1705 2691 aetatis
1816 2635 1887 2688 et
2006 2614 2421 2683 eruditionis

465 2725 802 2801 conflatae
859 2729 1026 2798 sint.
1110 2725 1206 2793 Et
1258 2749 1423 2795 vero
1468 2755 1615 2800 non
1665 2732 1911 2823 iniqua
1956 2742 2061 2794 est
2111 2721 2421 2790 Crameri

464 2837 784 2932 querela,
851 2842 972 2927 qui
1019 2855 1246 2923 nuper
1309 2832 1389 2902 iu
1444 2837 1607 2906 Not.
1662 2834 1753 2904 ad
1818 2829 2052 2902 Schol.
2106 2823 2423 2896 Juvenal.

471 2969 552 3036 p.
591 2947 655 3016 5.
703 2945 802 3010 ita
835 2941 1112 3036 scripsit
1137 2968 1157 3006 ε
1225 2985 1276 3024 ,,
1301 2941 1891 3010 Βοῆοἰίαεέανιιηι
1916 2934 2427 3024 omniumfhre

468 3051 650 3120 haec
678 3035 944 3140 jacies·
983 3060 1138 3129 est,
1183 3060 1270 3114 ut
1307 3044 1796 3133 fundamenti
1842 3049 1999 3116 loco
2055 3045 2159 3112 sit
2210 3042 2429 3110 anti·

471 3183 666 3252 quus.
713 3157 985 3245 aliquis
1030 3152 1574 3222 Grammaticus
1600 3204 1623 3240 ,
1669 3157 1929 3224 doetus
1966 3154 2247 3229 kemla,
2296 3169 2419 3210 re-

473 3289 822 3356 rumque,
872 3282 1052 3352 quas
1099 3261 1451 3324 tractavit
1474 3308 1499 3342 ‚
1544 3281 1684 3347 quo
1700 3255 2010 3347 propior
2044 3253 2304 3322 aberat
2330 3253 2427 3320 ab

474 3374 596 3439 illo
638 3393 846 3460 quem
888 3367 1287 3434 illustravit
1332 3366 1692 3452 scriptore
1721 3407 1747 3442 ,
1794 3371 1998 3426 tanto
2038 3361 2269 3428 etiam
2300 3383 2429 3449 pe·

479 3477 746 3554 rit'ior3
795 3474 896 3540 ad
940 3495 1152 3562 quem
1180 3495 1355 3542 vero
1406 3473 1745 3557 deinceps
1798 3467 1939 3534 alii
1976 3469 2255 3536 noediae
2294 3489 2429 3532 ae-
2486 3517 2489 3520 .

485 3583 665 3649 tatis
735 3581 1129 3666 magistelli
1171 3627 1200 3664 ,
1274 3581 1616 3648 monachi
1644 3627 1667 3664 ,
1732 3577 2101 3645 scholares
2146 3623 2169 3657 ‚
2255 3597 2431 3641 suas

488 3709 726 3776 nugas
793 3707 1061 3770 suaque
1113 3690 1331 3774 aegri
1394 3690 1675 3754 somnia
1738 3687 2036 3752 allinere
2098 3681 2438 3748 institue·

493 3807 669 3862 runt
695 3837 716 3876 ,
779 3810 1008 3878 neque
1077 3794 1154 3858 in
1211 3795 1332 3860 his
1406 3791 1742 3861 sordibus
1804 3789 2191 3858 substitere
2223 3833 2245 3870 ,
2307 3781 2441 3850 aad

497 3922 680 3988 quae
715 3893 946 3986 proha
987 3911 1234 3986 recta,
1293 3925 1381 3966 ea
1438 3897 1925 3983 detrahenda,
1984 3891 2436 4063 ἰητενροῖιὲη-

2357 4019 2433 4078 ⁰9
