2642 4725
223 208 238 279 ἴ

391 370 490 419 ,ιο
641 348 764 419 ΒΕ
826 350 1284 445 ΑΝτῐρυιε
1346 337 2087 421 mTERPRErm'us
2141 426 2155 441 ‚

396 534 697 605 subinde
750 540 1012 629 saepius
1069 540 1146 606 in
1205 554 1507 605 mentem
1581 560 1831 608 venere
1888 534 2067 627 'quac
2132 528 2340 624 aput!

398 640 790 713 Phaedrum
826 670 996 713 nnus
1043 646 1133 714 nd
1183 646 1621 738 amphoramz
1714 664 1719 669 ’
1983 652 1991 673 “

484 904 546 967 O
593 902 812 968 suavis
856 903 1116 987 anima,
1164 903 1364 995 quale
1407 904 1483 971 in
1528 923 1595 973 te
1640 904 1865 971 dicam
1907 902 2170 969 bonum

419 997 426 1003 ’
479 1006 797 1077 Antehac
839 1008 1086 1095 fuisse,
1135 1009 1297 1079 tales
1342 1034 1500 1081 cum
1540 1015 1681 1081 sint
1722 1008 2077 1101 reliquiae·

413 1335 425 1349 ,
477 1279 930 1352 Probandum
983 1301 1130 1350 crat
1174 1287 1493 1381 antiquos
1544 1286 1979 1377 Scriptorum
2028 1280 2331 1349 Latino-

395 1412 550 1459 rum
591 1390 1008 1483 interpretes
1045 1389 1184 1459 sive
1225 1392 1637 1461 Scholiastas
1684 1418 1829 1461 esse
1874 1388 2163 1476 dignos,
2206 1384 2331 1478 qui

396 1512 714 1565 accurate
755 1490 1320 1584 'cognoscantur3
1391 1499 1581 1592 quod
1646 1502 1703 1567 si
1773 1494 2331 1590 probaverimus,
2416 1499 2422 1511 ’

394 1606 666 1701 patebit
685 1650 708 1687 ,
749 1602 826 1666 ni
888 1600 1090 1670 fallor
1114 1656 1137 1684 ,
1207 1606 1423 1692 illud,
1499 1604 1689 1698 quod
1740 1606 1833 1681 ah,
1883 1604 2083 1669 initio
2132 1598 2323 1666 dixi-

395 1732 550 1777 mus
579 1755 602 1790 ‚
697 1732 822 1775 nos
905 1706 1214 1781 laborem
1295 1714 1671 1807 suscepisse
1763 1736 1907 1781 non
1986 1706 2331 1776 inutilem.

397 1814 638 1879 Restat
685 1810 1035 1898 indicare,
1083 1840 1220 1907 qua
1281 1819 1549 1887 ratione
1592 1818 1907 1884 notitiam
1948 1814 2038 1881 de
2099 1812 2331 1883 Scho-

395 1918 614 1988 liastis
663 1920 926 1989 Latinis
969 1921 1347 1989 exhibituri
1389 1924 1620 1991 simus.

487 2134 834 2222 Cogitanti
886 2134 1124 2227 itaque
1173 2136 1347 2205 mihi
1401 2159 1541 2228 qua
1602 2135 1867 2202 ratione
1912 2131 2333 2201 Scholiasta-

398 2262 555 2311 rum
619 2244 976 2311 historiam
1031 2254 1492 2341 exponerem,
1570 2240 1831 2335 duplex
1906 2242 2336 2335 potissimum

397 2375 540 2420 sese
605 2352 790 2418 ratio
843 2345 1125 2420 obtulit.
1254 2353 1428 2423 Nam
1494 2352 1854 2419 historiam
1914 2348 2333 2418 Scholiasta-

399 2479 558 2522 rum
601 2455 786 2526 tradi
827 2483 1024 2550 posse
1053 2460 1443 2528 arbitrabar
1486 2457 1597 2528 vel
1636 2458 1899 2524 ratione
1944 2449 2175 2546 habita
2195 2478 2330 2520 an-

397 2585 648 2631 norum
711 2565 964 2656 qui-bus
1023 2569 1275 2664 singuli
1334 2565 1753 2635 Scholiastae
1826 2565 2168 2651 vixerint,
2215 2552 2340 2629 'vel

397 2665 669 2744 ratione
743 2667 1178 2760 Scriptorum
1251 2699 1421 2766 quos
1462 2675 1599 2766 ipsi
1666 2673 2106 2764 interpretati
2171 2671 2341 2736 sint.'

397 2773 711 2864 Utraque
752 2777 968 2860 rati0,
1015 2793 1093 2845 ut
1151 2777 1267 2864 fit,
1330 2779 1755 2848 satishahet
1808 2777 2149 2846 commodi
2202 2797 2343 2870 quo

397 2879 719 2972 placeat,
781 2884 940 2950 satis
979 2886 1197 2954 habet
1247 2885 1669 2954 incommodi
1741 2909 1880 2976 quo
1952 2879 2335 2974 displiceat.

397 2989 642 3056 Altera
683 2993 859 3058 ratio
919 2993 1259 3083 requirit,
1328 3012 1449 3078 ut,
1512 2991 1863 3084 explorata
1916 2987 2341 3076 singulorum

395 3115 614 3194 actete
640 3149 662 3184 ‚
711 3101 832 3192 qui
861 3099 1138 3168 Scholia
1168 3101 1634 3192 scripserunt,
1680 3093 2157 3194 disputationis
2192 3089 2336 3154 ini-

400 3205 572 3273 tium
613 3207 736 3273 flat
793 3207 879 3273 ab
916 3206 1429 3301 antiquissimo,
1491 3209 1683 3275 hunc
1729 3221 1807 3273 ut
1850 3213 2175 3291 sequatur
2222 3186 2340 3258 ille

402 3315 525 3402 qui
561 3314 1112 3410 antiquissimum
1136 3329 1355 3381 aetate
1382 3337 1501 3380 sua
1525 3313 1835 3405 proxime
1881 3301 2223 3404 attigerit,
2268 3312 2369 3388 ct⁴

399 3417 498 3482 ita
541 3435 920 3508 sequantur
949 3419 1226 3512 reliqui.
1332 3421 1571 3490 Altera
1608 3418 1783 3488 ratio
1828 3407 2162 3512 requirit,
2208 3419 2287 3470 ¹¹²
2312 3451 2338 3485 ν

405 3523 807 3613 conquisitis
845 3526 1278 3621 Scriptorum
1313 3527 1741 3609 nominibus,
1776 3519 1865 3586 ad
1896 3515 2067 3608 quos
2108 3509 2337 3579 Scho-

403 3627 498 3696 lia
547 3633 943 3722 conscripta
981 3651 1188 3720 sunt,
1233 3633 1567 3722 deinceps
1624 3639 2051 3720 exponatur,
2122 3635 2336 3708 ‘1⁰⁰⁵‘

407 3759 570 3805 nam
633 3737 1086 3823 scholiastes,
1159 3741 1636 3830 cujuscunque
1714 3734 1947 3804 aetatis
1988 3775 2010 3814 ,
2094 3717 2346 3810 singuli

409 3844 778 3940 scriptores
821 3845 1008 3913 nacti
1052 3845 1231 3914 sint:

2152 3941 2288 4011 Nos
2314 3977 2343 4023 2
